<DATE>	<TIME>	<BID>	<ASK>	<LAST>	<VOLUME>
2020.04.02	05:30:23.152	0.0	0.0	0.0	0.00000000
2020.04.02	08:55:23.338	0.0	0.0	0.0	0.00000000
2020.04.02	09:00:02.322	5500.0	5220.0		
2020.04.02	09:00:09.916		5193.0		
2020.04.02	09:03:09.658			5257.5	20.00000000
2020.04.02	09:03:09.658			5257.5	50.00000000
2020.04.02	09:03:09.658			5257.5	5.00000000
2020.04.02	09:03:09.658			5257.5	5.00000000
2020.04.02	09:03:09.658			5257.5	5.00000000
2020.04.02	09:03:09.658			5257.5	5.00000000
2020.04.02	09:03:09.658			5257.5	5.00000000
2020.04.02	09:03:09.658			5257.5	5.00000000
2020.04.02	09:03:09.658			5257.5	5.00000000
2020.04.02	09:03:09.658			5257.5	5.00000000
2020.04.02	09:03:09.658			5257.5	5.00000000
2020.04.02	09:03:09.658			5257.5	10.00000000
2020.04.02	09:03:09.658			5257.5	15.00000000
2020.04.02	09:03:09.658			5257.5	5.00000000
2020.04.02	09:03:09.658			5257.5	5.00000000
2020.04.02	09:03:09.658			5257.5	5.00000000
2020.04.02	09:03:09.658			5257.5	5.00000000
2020.04.02	09:03:09.658			5257.5	5.00000000
2020.04.02	09:03:09.658			5257.5	5.00000000
2020.04.02	09:03:09.658			5257.5	5.00000000
2020.04.02	09:03:09.658			5257.5	5.00000000
2020.04.02	09:03:09.658			5257.5	5.00000000
2020.04.02	09:03:09.658			5257.5	5.00000000
2020.04.02	09:03:09.658			5257.5	5.00000000
2020.04.02	09:03:09.658			5257.5	10.00000000
2020.04.02	09:03:09.658			5257.5	5.00000000
2020.04.02	09:03:09.658			5257.5	5.00000000
2020.04.02	09:03:09.658			5257.5	5.00000000
2020.04.02	09:03:09.658			5257.5	5.00000000
2020.04.02	09:03:09.658			5257.5	5.00000000
2020.04.02	09:03:09.658			5257.5	10.00000000
2020.04.02	09:03:09.658			5257.5	10.00000000
2020.04.02	09:03:09.658			5257.5	5.00000000
2020.04.02	09:03:09.658			5257.5	20.00000000
2020.04.02	09:03:09.658			5257.5	5.00000000
2020.04.02	09:03:09.658			5257.5	5.00000000
2020.04.02	09:03:09.658			5257.5	5.00000000
2020.04.02	09:03:09.658			5257.5	5.00000000
2020.04.02	09:03:09.658			5257.5	5.00000000
2020.04.02	09:03:09.658			5257.5	5.00000000
2020.04.02	09:03:09.658			5257.5	5.00000000
2020.04.02	09:03:09.658			5257.5	10.00000000
2020.04.02	09:03:09.658			5257.5	5.00000000
2020.04.02	09:03:09.658			5257.5	5.00000000
2020.04.02	09:03:09.658			5257.5	10.00000000
2020.04.02	09:03:09.658			5257.5	10.00000000
2020.04.02	09:03:09.658			5257.5	5.00000000
2020.04.02	09:03:09.658			5257.5	5.00000000
2020.04.02	09:03:09.658			5257.5	10.00000000
2020.04.02	09:03:09.658			5257.5	5.00000000
2020.04.02	09:03:09.658			5257.5	5.00000000
2020.04.02	09:03:09.658			5257.5	10.00000000
2020.04.02	09:03:09.658			5257.5	5.00000000
2020.04.02	09:03:09.658			5257.5	5.00000000
2020.04.02	09:03:09.658			5257.5	5.00000000
2020.04.02	09:03:09.658			5257.5	5.00000000
2020.04.02	09:03:09.658			5257.5	10.00000000
2020.04.02	09:03:09.658			5257.5	10.00000000
2020.04.02	09:03:09.658			5257.5	5.00000000
2020.04.02	09:03:09.658			5257.5	5.00000000
2020.04.02	09:03:09.658			5257.5	10.00000000
2020.04.02	09:03:09.658			5257.5	5.00000000
2020.04.02	09:03:09.658			5257.5	5.00000000
2020.04.02	09:03:09.658			5257.5	10.00000000
2020.04.02	09:03:09.658			5257.5	20.00000000
2020.04.02	09:03:09.658			5257.5	10.00000000
2020.04.02	09:03:09.658			5257.5	5.00000000
2020.04.02	09:03:09.658			5257.5	5.00000000
2020.04.02	09:03:09.658			5257.5	30.00000000
2020.04.02	09:03:09.658			5257.5	15.00000000
2020.04.02	09:03:09.658			5257.5	5.00000000
2020.04.02	09:03:09.658			5257.5	5.00000000
2020.04.02	09:03:09.658			5257.5	5.00000000
2020.04.02	09:03:09.658			5257.5	30.00000000
2020.04.02	09:03:09.658			5257.5	50.00000000
2020.04.02	09:03:09.658			5257.5	5.00000000
2020.04.02	09:03:09.658			5257.5	5.00000000
2020.04.02	09:03:09.658			5257.5	5.00000000
2020.04.02	09:03:09.658			5257.5	5.00000000
2020.04.02	09:03:09.658			5257.5	5.00000000
2020.04.02	09:03:09.658			5257.5	5.00000000
2020.04.02	09:03:09.658			5257.5	50.00000000
2020.04.02	09:03:09.658			5257.5	20.00000000
2020.04.02	09:03:09.658			5257.5	20.00000000
2020.04.02	09:03:09.658			5257.5	20.00000000
2020.04.02	09:03:09.658			5257.5	15.00000000
2020.04.02	09:03:09.658			5257.5	30.00000000
2020.04.02	09:03:09.658			5257.5	5.00000000
2020.04.02	09:03:09.658			5257.5	5.00000000
2020.04.02	09:03:09.658			5257.5	5.00000000
2020.04.02	09:03:09.658			5257.5	25.00000000
2020.04.02	09:03:09.658			5257.5	25.00000000
2020.04.02	09:03:09.658			5257.5	5.00000000
2020.04.02	09:03:09.658			5257.5	5.00000000
2020.04.02	09:03:09.658			5257.5	5.00000000
2020.04.02	09:03:09.658			5257.5	5.00000000
2020.04.02	09:03:09.658			5257.5	5.00000000
2020.04.02	09:03:09.658			5257.5	5.00000000
2020.04.02	09:03:09.658			5257.5	100.00000000
2020.04.02	09:03:09.658			5257.5	5.00000000
2020.04.02	09:03:09.658			5257.5	5.00000000
2020.04.02	09:03:09.658			5257.5	5.00000000
2020.04.02	09:03:09.658			5257.5	5.00000000
2020.04.02	09:03:09.658			5257.5	5.00000000
2020.04.02	09:03:09.658			5257.5	5.00000000
2020.04.02	09:03:09.658			5257.5	5.00000000
2020.04.02	09:03:09.658			5257.5	5.00000000
2020.04.02	09:03:09.658			5257.5	5.00000000
2020.04.02	09:03:09.658			5257.5	5.00000000
2020.04.02	09:03:09.658			5257.5	5.00000000
2020.04.02	09:03:09.658			5257.5	10.00000000
2020.04.02	09:03:09.658			5257.5	5.00000000
2020.04.02	09:03:09.658			5257.5	5.00000000
2020.04.02	09:03:09.658			5257.5	10.00000000
2020.04.02	09:03:09.658			5257.5	5.00000000
2020.04.02	09:03:09.658			5257.5	5.00000000
2020.04.02	09:03:09.658			5257.5	15.00000000
2020.04.02	09:03:09.666			5257.0	10.00000000
2020.04.02	09:03:09.666			5257.0	5.00000000
2020.04.02	09:03:09.667			5257.0	5.00000000
2020.04.02	09:03:09.667			5257.0	10.00000000
2020.04.02	09:03:09.668			5257.0	5.00000000
2020.04.02	09:03:09.668			5257.0	5.00000000
2020.04.02	09:03:09.668			5257.0	5.00000000
2020.04.02	09:03:09.669			5257.0	55.00000000
2020.04.02	09:03:09.675			5256.0	5.00000000
2020.04.02	09:03:09.676			5255.5	5.00000000
2020.04.02	09:03:09.678			5255.0	10.00000000
2020.04.02	09:03:09.678			5255.0	5.00000000
2020.04.02	09:03:09.678			5255.0	5.00000000
2020.04.02	09:03:09.681			5254.5	5.00000000
2020.04.02	09:03:09.682			5253.5	5.00000000
2020.04.02	09:03:09.688			5253.0	5.00000000
2020.04.02	09:03:09.720	5257.0	5257.5		
2020.04.02	09:03:09.724	5256.0			
2020.04.02	09:03:09.727		5257.0		
2020.04.02	09:03:09.731		5256.5		
2020.04.02	09:03:09.731	5255.0			
2020.04.02	09:03:09.733		5256.0		
2020.04.02	09:03:09.735	5254.5			
2020.04.02	09:03:09.735		5255.5		
2020.04.02	09:03:09.740		5255.0		
2020.04.02	09:03:09.740	5253.5			
2020.04.02	09:03:09.740	5253.0			
2020.04.02	09:03:09.743		5254.5		
2020.04.02	09:03:09.745			5254.0	5.00000000
2020.04.02	09:03:09.745		5254.0		
2020.04.02	09:03:09.749	5252.5			
2020.04.02	09:03:09.749		5253.5		
2020.04.02	09:03:09.752			5254.5	5.00000000
2020.04.02	09:03:09.752			5254.5	5.00000000
2020.04.02	09:03:09.754	5253.0			
2020.04.02	09:03:09.756		5254.0		
2020.04.02	09:03:09.756		5254.5		
2020.04.02	09:03:09.758		5255.0		
2020.04.02	09:03:09.778			5254.5	5.00000000
2020.04.02	09:03:09.851			5255.5	5.00000000
2020.04.02	09:03:09.999			5255.5	5.00000000
2020.04.02	09:03:10.021			5255.0	5.00000000
2020.04.02	09:03:10.082		5255.5		
2020.04.02	09:03:10.106	5253.5			
2020.04.02	09:03:10.106	5254.0			
2020.04.02	09:03:10.118		5256.0		
2020.04.02	09:03:10.118	5254.5			
2020.04.02	09:03:10.121	5254.0			
2020.04.02	09:03:10.446		5255.5		
2020.04.02	09:03:10.788			5255.5	5.00000000
2020.04.02	09:03:10.788			5255.5	5.00000000
2020.04.02	09:03:10.790			5255.5	10.00000000
2020.04.02	09:03:10.860	5254.5			
2020.04.02	09:03:10.864		5256.0		
2020.04.02	09:03:10.864	5255.0			
2020.04.02	09:03:10.864		5256.5		
2020.04.02	09:03:11.427			5256.5	5.00000000
2020.04.02	09:03:11.594		5256.0		
2020.04.02	09:03:11.596		5256.5		
2020.04.02	09:03:11.597		5256.0		
2020.04.02	09:03:11.597		5256.5		
2020.04.02	09:03:12.046			5256.5	5.00000000
2020.04.02	09:03:12.361	5255.5			
2020.04.02	09:03:12.361		5257.0		
2020.04.02	09:03:12.361		5257.5		
2020.04.02	09:03:12.365	5256.0			
2020.04.02	09:03:12.369	5256.5			
2020.04.02	09:03:12.406			5256.5	20.00000000
2020.04.02	09:03:12.407			5256.5	20.00000000
2020.04.02	09:03:12.407			5256.5	10.00000000
2020.04.02	09:03:12.407			5257.0	5.00000000
2020.04.02	09:03:12.407			5257.0	5.00000000
2020.04.02	09:03:12.407			5257.0	5.00000000
2020.04.02	09:03:12.407			5257.5	5.00000000
2020.04.02	09:03:12.407			5257.5	20.00000000
2020.04.02	09:03:12.733	5256.0			
2020.04.02	09:03:12.745	5256.5			
2020.04.02	09:03:12.752			5257.5	10.00000000
2020.04.02	09:03:12.752			5257.5	10.00000000
2020.04.02	09:03:12.752			5257.5	10.00000000
2020.04.02	09:03:12.756			5257.0	5.00000000
2020.04.02	09:03:13.027			5257.5	5.00000000
2020.04.02	09:03:13.227			5257.5	5.00000000
2020.04.02	09:03:14.634			5257.0	5.00000000
2020.04.02	09:03:17.671	5257.0			
2020.04.02	09:03:18.048	5256.5			
2020.04.02	09:03:19.020			5256.5	5.00000000
2020.04.02	09:03:19.020			5256.5	10.00000000
2020.04.02	09:03:19.890			5257.5	5.00000000
2020.04.02	09:03:19.948	5257.0			
2020.04.02	09:03:20.151			5256.5	5.00000000
2020.04.02	09:03:20.151			5256.5	5.00000000
2020.04.02	09:03:20.332	5256.5			
2020.04.02	09:03:20.334		5257.0		
2020.04.02	09:03:20.339	5256.0			
2020.04.02	09:03:20.344	5255.5			
2020.04.02	09:03:21.246			5255.5	5.00000000
2020.04.02	09:03:21.246			5255.5	5.00000000
2020.04.02	09:03:21.472		5256.5		
2020.04.02	09:03:21.472		5256.0		
2020.04.02	09:03:21.476		5257.0		
2020.04.02	09:03:21.492			5256.0	5.00000000
2020.04.02	09:03:21.847		5256.5		
2020.04.02	09:03:22.101			5255.5	5.00000000
2020.04.02	09:03:22.101			5255.5	5.00000000
2020.04.02	09:03:22.101			5255.5	5.00000000
2020.04.02	09:03:22.101			5255.5	5.00000000
2020.04.02	09:03:22.173			5255.5	5.00000000
2020.04.02	09:03:22.173			5255.5	5.00000000
2020.04.02	09:03:22.234		5256.0		
2020.04.02	09:03:22.234	5255.0			
2020.04.02	09:03:22.236	5254.5			
2020.04.02	09:03:22.236	5254.0			
2020.04.02	09:03:22.240		5255.5		
2020.04.02	09:03:22.607			5254.0	5.00000000
2020.04.02	09:03:22.607			5254.0	5.00000000
2020.04.02	09:03:22.607			5254.0	5.00000000
2020.04.02	09:03:22.611		5255.0		
2020.04.02	09:03:23.492			5255.0	5.00000000
2020.04.02	09:03:23.492			5255.0	5.00000000
2020.04.02	09:03:23.492			5255.0	5.00000000
2020.04.02	09:03:23.496			5255.0	5.00000000
2020.04.02	09:03:23.497			5255.0	5.00000000
2020.04.02	09:03:23.654			5256.0	5.00000000
2020.04.02	09:03:23.754		5255.5		
2020.04.02	09:03:23.754	5255.0			
2020.04.02	09:03:23.760		5256.0		
2020.04.02	09:03:23.772		5256.5		
2020.04.02	09:03:23.772		5256.0		
2020.04.02	09:03:23.966			5256.0	5.00000000
2020.04.02	09:03:24.459			5256.0	5.00000000
2020.04.02	09:03:24.459			5256.0	5.00000000
2020.04.02	09:03:24.513		5256.5		
2020.04.02	09:03:24.515		5256.0		
2020.04.02	09:03:25.365			5256.0	5.00000000
2020.04.02	09:03:25.647		5256.5		
2020.04.02	09:03:25.653		5256.0		
2020.04.02	09:03:25.758			5255.0	25.00000000
2020.04.02	09:03:25.758			5255.0	5.00000000
2020.04.02	09:03:25.758			5254.5	5.00000000
2020.04.02	09:03:25.758			5254.5	5.00000000
2020.04.02	09:03:25.758			5254.5	5.00000000
2020.04.02	09:03:25.763			5254.5	5.00000000
2020.04.02	09:03:25.765			5254.5	5.00000000
2020.04.02	09:03:25.765			5254.5	10.00000000
2020.04.02	09:03:25.766			5254.5	35.00000000
2020.04.02	09:03:26.037	5254.0			
2020.04.02	09:03:26.037		5254.5		
2020.04.02	09:03:26.038		5255.5		
2020.04.02	09:03:26.042		5255.0		
2020.04.02	09:03:26.135			5255.5	5.00000000
2020.04.02	09:03:26.135			5255.5	5.00000000
2020.04.02	09:03:26.410		5255.5		
2020.04.02	09:03:26.410		5256.0		
2020.04.02	09:03:26.411	5254.5			
2020.04.02	09:03:26.417		5255.5		
2020.04.02	09:03:26.791		5256.0		
2020.04.02	09:03:26.799		5255.5		
2020.04.02	09:03:27.478			5255.5	5.00000000
2020.04.02	09:03:27.479			5255.5	5.00000000
2020.04.02	09:03:27.554		5256.0		
2020.04.02	09:03:27.554	5255.5			
2020.04.02	09:03:27.554	5254.5			
2020.04.02	09:03:27.932	5255.0			
2020.04.02	09:03:28.427			5256.0	5.00000000
2020.04.02	09:03:30.216	5255.5			
2020.04.02	09:03:31.453			5256.0	5.00000000
2020.04.02	09:03:31.453			5256.0	5.00000000
2020.04.02	09:03:31.608			5257.0	5.00000000
2020.04.02	09:03:31.731		5256.5		
2020.04.02	09:03:31.731	5256.0			
2020.04.02	09:03:31.731		5257.0		
2020.04.02	09:03:32.436			5257.0	5.00000000
2020.04.02	09:03:32.491	5256.5			
2020.04.02	09:03:32.491		5257.5		
2020.04.02	09:03:32.491	5256.0			
2020.04.02	09:03:32.496		5257.0		
2020.04.02	09:03:32.867		5257.5		
2020.04.02	09:03:32.872		5257.0		
2020.04.02	09:03:33.248		5257.5		
2020.04.02	09:03:33.250		5257.0		
2020.04.02	09:03:34.591			5257.0	5.00000000
2020.04.02	09:03:34.608			5257.0	5.00000000
2020.04.02	09:03:34.770		5257.5		
2020.04.02	09:03:34.773		5257.0		
2020.04.02	09:03:35.149		5257.5		
2020.04.02	09:03:35.152		5257.0		
2020.04.02	09:03:35.912		5257.5		
2020.04.02	09:03:35.913		5257.0		
2020.04.02	09:03:35.915	5255.5			
2020.04.02	09:03:35.915		5256.0		
2020.04.02	09:03:35.917		5256.5		
2020.04.02	09:03:35.926			5256.0	40.00000000
2020.04.02	09:03:35.930			5256.0	10.00000000
2020.04.02	09:03:38.570	5255.0			
2020.04.02	09:03:38.570		5256.0		
2020.04.02	09:03:38.614			5255.5	5.00000000
2020.04.02	09:03:38.614			5255.5	5.00000000
2020.04.02	09:03:38.614			5255.0	5.00000000
2020.04.02	09:03:38.614			5255.0	5.00000000
2020.04.02	09:03:39.326		5256.5		
2020.04.02	09:03:39.328	5255.5			
2020.04.02	09:03:39.570			5255.5	5.00000000
2020.04.02	09:03:39.570			5255.5	5.00000000
2020.04.02	09:03:39.570			5255.5	5.00000000
2020.04.02	09:03:39.574			5255.5	5.00000000
2020.04.02	09:03:39.611			5256.0	5.00000000
2020.04.02	09:03:39.710	5255.0			
2020.04.02	09:03:40.047			5255.0	5.00000000
2020.04.02	09:03:40.047			5255.0	5.00000000
2020.04.02	09:03:40.047			5254.5	5.00000000
2020.04.02	09:03:40.047			5254.5	5.00000000
2020.04.02	09:03:40.090	5255.5			
2020.04.02	09:03:40.094	5255.0			
2020.04.02	09:03:40.095		5256.0		
2020.04.02	09:03:40.097	5254.5			
2020.04.02	09:03:40.098	5254.0			
2020.04.02	09:03:40.099		5255.5		
2020.04.02	09:03:40.100	5254.5			
2020.04.02	09:03:40.100		5255.0		
2020.04.02	09:03:40.102		5255.5		
2020.04.02	09:03:40.849	5255.0			
2020.04.02	09:03:40.854		5256.0		
2020.04.02	09:03:41.231	5254.5			
2020.04.02	09:03:41.231		5255.5		
2020.04.02	09:03:41.284			5255.0	5.00000000
2020.04.02	09:03:41.598			5255.5	5.00000000
2020.04.02	09:03:41.654			5255.0	5.00000000
2020.04.02	09:03:43.320			5255.5	5.00000000
2020.04.02	09:03:43.507		5256.0		
2020.04.02	09:03:43.510		5255.5		
2020.04.02	09:03:43.891		5256.0		
2020.04.02	09:03:44.647	5255.0			
2020.04.02	09:03:45.167			5256.0	5.00000000
2020.04.02	09:03:45.167			5256.0	5.00000000
2020.04.02	09:03:45.167			5256.0	5.00000000
2020.04.02	09:03:45.167			5256.5	5.00000000
2020.04.02	09:03:45.167			5256.5	5.00000000
2020.04.02	09:03:45.167			5256.5	20.00000000
2020.04.02	09:03:45.167			5256.5	5.00000000
2020.04.02	09:03:45.167			5257.0	5.00000000
2020.04.02	09:03:45.167			5257.0	5.00000000
2020.04.02	09:03:45.167			5257.0	5.00000000
2020.04.02	09:03:45.167			5257.0	10.00000000
2020.04.02	09:03:45.167			5257.0	5.00000000
2020.04.02	09:03:45.167			5257.0	5.00000000
2020.04.02	09:03:45.167			5257.0	5.00000000
2020.04.02	09:03:45.167			5257.5	5.00000000
2020.04.02	09:03:45.167			5257.5	5.00000000
2020.04.02	09:03:45.417		5257.5		
2020.04.02	09:03:45.418	5255.5			
2020.04.02	09:03:45.423		5257.0		
2020.04.02	09:03:45.985			5257.0	5.00000000
2020.04.02	09:03:46.557		5257.5		
2020.04.02	09:03:46.598			5257.0	5.00000000
2020.04.02	09:03:46.927		5256.5		
2020.04.02	09:03:47.270			5256.5	5.00000000
2020.04.02	09:03:47.310	5256.0			
2020.04.02	09:03:47.310		5257.5		
2020.04.02	09:03:47.310	5256.5			
2020.04.02	09:03:47.594			5257.5	5.00000000
2020.04.02	09:03:47.778			5257.5	10.00000000
2020.04.02	09:03:47.778			5257.5	10.00000000
2020.04.02	09:03:47.855			5257.5	15.00000000
2020.04.02	09:03:47.858			5257.5	5.00000000
2020.04.02	09:03:47.858			5257.5	10.00000000
2020.04.02	09:03:47.860			5257.5	30.00000000
2020.04.02	09:03:48.092	5257.0			
2020.04.02	09:03:48.095		5258.0		
2020.04.02	09:03:48.097		5258.5		
2020.04.02	09:03:48.097	5257.5			
2020.04.02	09:03:48.684			5258.5	5.00000000
2020.04.02	09:03:48.684			5258.5	5.00000000
2020.04.02	09:03:48.829		5259.0		
2020.04.02	09:03:48.831		5258.5		
2020.04.02	09:03:48.840	5257.0			
2020.04.02	09:03:48.880			5257.5	5.00000000
2020.04.02	09:03:49.210	5257.5			
2020.04.02	09:03:50.729	5258.0			
2020.04.02	09:03:50.923			5258.0	5.00000000
2020.04.02	09:03:50.923			5257.5	5.00000000
2020.04.02	09:03:51.109	5257.5			
2020.04.02	09:03:51.113	5257.0			
2020.04.02	09:03:51.119	5257.5			
2020.04.02	09:03:51.401			5257.5	5.00000000
2020.04.02	09:03:51.492	5257.0			
2020.04.02	09:03:52.359			5257.0	5.00000000
2020.04.02	09:03:52.360			5257.0	5.00000000
2020.04.02	09:03:52.632		5257.5		
2020.04.02	09:03:52.634	5256.5			
2020.04.02	09:03:53.014		5258.0		
2020.04.02	09:03:53.084			5257.5	50.00000000
2020.04.02	09:03:53.354			5257.0	5.00000000
2020.04.02	09:03:53.354			5257.0	5.00000000
2020.04.02	09:03:53.394	5257.0			
2020.04.02	09:03:53.396		5258.5		
2020.04.02	09:03:53.405	5256.5			
2020.04.02	09:03:53.405		5258.0		
2020.04.02	09:03:53.405		5257.5		
2020.04.02	09:03:54.153	5257.0			
2020.04.02	09:03:54.153		5258.0		
2020.04.02	09:03:54.155		5258.5		
2020.04.02	09:03:55.223			5257.5	5.00000000
2020.04.02	09:03:55.291	5257.5			
2020.04.02	09:03:55.295	5257.0			
2020.04.02	09:03:57.195		5258.0		
2020.04.02	09:03:57.956	5257.5			
2020.04.02	09:03:58.153			5258.0	5.00000000
2020.04.02	09:03:58.331		5258.5		
2020.04.02	09:03:58.333	5257.0			
2020.04.02	09:03:58.333	5257.5			
2020.04.02	09:03:59.100	5258.0			
2020.04.02	09:03:59.102	5257.5			
2020.04.02	09:03:59.857	5257.0			
2020.04.02	09:03:59.857	5257.5			
2020.04.02	09:04:00.231	5257.5			
2020.04.02	09:04:01.367			5258.5	5.00000000
2020.04.02	09:04:01.368			5258.5	5.00000000
2020.04.02	09:04:01.377		5259.0		
2020.04.02	09:04:01.380		5258.5		
2020.04.02	09:04:07.210			5258.5	5.00000000
2020.04.02	09:04:07.210			5258.5	5.00000000
2020.04.02	09:04:08.356			5258.5	5.00000000
2020.04.02	09:04:08.972	5258.0			
2020.04.02	09:04:09.737	5257.5			
2020.04.02	09:04:09.737	5258.0			
2020.04.02	09:04:09.774			5258.0	5.00000000
2020.04.02	09:04:11.433			5258.0	5.00000000
2020.04.02	09:04:11.434			5258.0	5.00000000
2020.04.02	09:04:11.527			5258.0	5.00000000
2020.04.02	09:04:11.638	5257.5			
2020.04.02	09:04:11.638	5257.0			
2020.04.02	09:04:11.641	5257.5			
2020.04.02	09:04:12.243			5258.5	5.00000000
2020.04.02	09:04:12.397		5259.0		
2020.04.02	09:04:14.314		5258.5		
2020.04.02	09:04:19.248	5258.0			
2020.04.02	09:04:19.248	5257.5			
2020.04.02	09:04:22.505			5258.5	5.00000000
2020.04.02	09:04:22.505			5258.5	5.00000000
2020.04.02	09:04:22.505			5258.5	5.00000000
2020.04.02	09:04:22.507			5258.5	5.00000000
2020.04.02	09:04:22.657		5259.0		
2020.04.02	09:04:22.657	5258.5			
2020.04.02	09:04:22.659	5257.5			
2020.04.02	09:04:22.659		5258.5		
2020.04.02	09:04:22.659	5258.0			
2020.04.02	09:04:22.661	5257.5			
2020.04.02	09:04:23.805	5258.0			
2020.04.02	09:04:24.190		5259.0		
2020.04.02	09:04:24.190	5258.5			
2020.04.02	09:04:24.196	5258.0			
2020.04.02	09:04:24.196	5258.5			
2020.04.02	09:04:25.516			5259.0	5.00000000
2020.04.02	09:04:25.516			5259.0	5.00000000
2020.04.02	09:04:25.700	5258.0			
2020.04.02	09:04:25.814			5258.5	5.00000000
2020.04.02	09:04:26.080	5258.5			
2020.04.02	09:04:26.920			5259.0	45.00000000
2020.04.02	09:04:26.920			5259.0	5.00000000
2020.04.02	09:04:26.920			5259.0	5.00000000
2020.04.02	09:04:26.920			5259.0	10.00000000
2020.04.02	09:04:26.931			5259.5	5.00000000
2020.04.02	09:04:26.996			5259.0	5.00000000
2020.04.02	09:04:26.996			5259.0	10.00000000
2020.04.02	09:04:26.996			5259.0	5.00000000
2020.04.02	09:04:26.996			5258.5	5.00000000
2020.04.02	09:04:26.996			5258.5	5.00000000
2020.04.02	09:04:26.996			5258.5	5.00000000
2020.04.02	09:04:26.996			5258.5	5.00000000
2020.04.02	09:04:26.999			5258.5	10.00000000
2020.04.02	09:04:27.236		5259.5		
2020.04.02	09:04:27.237	5259.0			
2020.04.02	09:04:27.241		5260.0		
2020.04.02	09:04:27.243	5258.0			
2020.04.02	09:04:27.243		5258.5		
2020.04.02	09:04:27.245		5259.5		
2020.04.02	09:04:27.245	5258.5			
2020.04.02	09:04:27.986			5259.0	5.00000000
2020.04.02	09:04:29.499	5259.0			
2020.04.02	09:04:30.920			5259.0	5.00000000
2020.04.02	09:04:30.920			5258.5	5.00000000
2020.04.02	09:04:30.920			5258.5	5.00000000
2020.04.02	09:04:30.920			5258.5	5.00000000
2020.04.02	09:04:30.920			5258.5	5.00000000
2020.04.02	09:04:30.924			5258.5	15.00000000
2020.04.02	09:04:30.924			5258.5	5.00000000
2020.04.02	09:04:30.925			5258.5	5.00000000
2020.04.02	09:04:31.022	5258.0			
2020.04.02	09:04:31.022		5258.5		
2020.04.02	09:04:31.026		5259.5		
2020.04.02	09:04:31.026		5259.0		
2020.04.02	09:04:31.136			5259.0	5.00000000
2020.04.02	09:04:32.581			5258.5	5.00000000
2020.04.02	09:04:33.683	5257.5			
2020.04.02	09:04:35.505			5257.5	5.00000000
2020.04.02	09:04:35.505			5257.5	20.00000000
2020.04.02	09:04:35.505			5257.5	5.00000000
2020.04.02	09:04:35.505			5257.5	5.00000000
2020.04.02	09:04:35.505			5257.0	5.00000000
2020.04.02	09:04:35.505			5257.0	5.00000000
2020.04.02	09:04:35.505			5257.0	5.00000000
2020.04.02	09:04:35.505			5257.0	5.00000000
2020.04.02	09:04:35.505			5257.0	5.00000000
2020.04.02	09:04:35.505			5257.0	5.00000000
2020.04.02	09:04:35.505			5257.0	5.00000000
2020.04.02	09:04:35.505			5257.0	5.00000000
2020.04.02	09:04:35.594	5257.0			
2020.04.02	09:04:35.596		5258.5		
2020.04.02	09:04:35.599	5256.5			
2020.04.02	09:04:35.599		5258.0		
2020.04.02	09:04:35.603		5257.5		
2020.04.02	09:04:36.342	5256.0			
2020.04.02	09:04:36.344		5257.0		
2020.04.02	09:04:39.763	5256.5			
2020.04.02	09:04:40.144		5257.5		
2020.04.02	09:04:40.224			5257.0	5.00000000
2020.04.02	09:04:40.224			5257.0	5.00000000
2020.04.02	09:04:40.524	5256.0			
2020.04.02	09:04:40.526	5256.5			
2020.04.02	09:04:43.843			5256.5	5.00000000
2020.04.02	09:04:43.843			5256.5	5.00000000
2020.04.02	09:04:43.848			5256.5	40.00000000
2020.04.02	09:04:43.959	5256.0			
2020.04.02	09:04:43.959		5256.5		
2020.04.02	09:04:43.960		5257.0		
2020.04.02	09:04:43.968		5256.5		
2020.04.02	09:04:45.470	5255.5			
2020.04.02	09:04:45.470		5256.0		
2020.04.02	09:04:45.472	5255.0			
2020.04.02	09:04:45.474			5256.0	5.00000000
2020.04.02	09:04:45.776			5256.0	5.00000000
2020.04.02	09:04:45.776			5256.5	5.00000000
2020.04.02	09:04:45.854		5256.5		
2020.04.02	09:04:45.864		5256.0		
2020.04.02	09:04:46.227		5256.5		
2020.04.02	09:04:46.227	5255.5			
2020.04.02	09:04:46.229	5255.0			
2020.04.02	09:04:46.229		5256.0		
2020.04.02	09:04:46.605		5256.5		
2020.04.02	09:04:46.605	5255.5			
2020.04.02	09:04:46.836			5255.5	5.00000000
2020.04.02	09:04:46.838			5255.5	15.00000000
2020.04.02	09:04:46.990	5255.0			
2020.04.02	09:04:46.990		5255.5		
2020.04.02	09:04:46.990		5256.5		
2020.04.02	09:04:46.992		5256.0		
2020.04.02	09:04:47.149			5256.0	5.00000000
2020.04.02	09:04:47.753		5255.5		
2020.04.02	09:04:48.131		5256.0		
2020.04.02	09:04:50.407	5255.5			
2020.04.02	09:04:50.408		5256.5		
2020.04.02	09:04:50.942			5255.5	5.00000000
2020.04.02	09:04:50.942			5255.0	5.00000000
2020.04.02	09:04:50.942			5255.0	5.00000000
2020.04.02	09:04:50.942			5255.0	5.00000000
2020.04.02	09:04:50.942			5255.0	5.00000000
2020.04.02	09:04:50.942			5255.0	5.00000000
2020.04.02	09:04:50.942			5255.0	5.00000000
2020.04.02	09:04:50.944			5255.0	15.00000000
2020.04.02	09:04:51.062			5254.5	5.00000000
2020.04.02	09:04:51.062			5254.5	5.00000000
2020.04.02	09:04:51.062			5255.0	40.00000000
2020.04.02	09:04:51.072			5255.0	10.00000000
2020.04.02	09:04:51.185	5254.5			
2020.04.02	09:04:51.185		5255.0		
2020.04.02	09:04:51.188		5256.5		
2020.04.02	09:04:51.188		5256.0		
2020.04.02	09:04:51.196		5255.5		
2020.04.02	09:04:51.196		5255.0		
2020.04.02	09:04:51.198	5254.0			
2020.04.02	09:04:51.203	5254.5			
2020.04.02	09:04:51.205		5255.5		
2020.04.02	09:04:52.324			5254.5	10.00000000
2020.04.02	09:04:52.594			5255.5	5.00000000
2020.04.02	09:04:52.687	5255.0			
2020.04.02	09:04:52.691		5256.0		
2020.04.02	09:04:52.962			5255.0	5.00000000
2020.04.02	09:04:53.067	5254.5			
2020.04.02	09:04:53.069	5255.0			
2020.04.02	09:04:55.350		5255.5		
2020.04.02	09:04:55.584			5255.5	5.00000000
2020.04.02	09:04:55.726		5256.0		
2020.04.02	09:05:00.290	5255.0			
2020.04.02	09:05:01.425			5255.0	5.00000000
2020.04.02	09:05:01.448	5254.5			
2020.04.02	09:05:01.448	5254.0			
2020.04.02	09:05:01.449		5255.5		
2020.04.02	09:05:01.449	5254.5			
2020.04.02	09:05:01.452	5254.0			
2020.04.02	09:05:01.452		5255.0		
2020.04.02	09:05:01.828	5253.5			
2020.04.02	09:05:02.960	5253.0			
2020.04.02	09:05:02.960		5254.5		
2020.04.02	09:05:02.963	5253.5			
2020.04.02	09:05:04.342			5253.0	5.00000000
2020.04.02	09:05:04.481	5253.0			
2020.04.02	09:05:04.484		5254.0		
2020.04.02	09:05:05.624		5253.5		
2020.04.02	09:05:05.701			5253.5	5.00000000
2020.04.02	09:05:05.995		5254.0		
2020.04.02	09:05:07.140		5253.5		
2020.04.02	09:05:07.609			5253.0	5.00000000
2020.04.02	09:05:07.618			5253.0	20.00000000
2020.04.02	09:05:07.618			5253.0	25.00000000
2020.04.02	09:05:07.620			5252.5	5.00000000
2020.04.02	09:05:07.620			5252.5	5.00000000
2020.04.02	09:05:07.620			5252.5	5.00000000
2020.04.02	09:05:07.770			5252.5	5.00000000
2020.04.02	09:05:07.904	5252.5			
2020.04.02	09:05:07.906	5252.0			
2020.04.02	09:05:07.910		5253.0		
2020.04.02	09:05:07.916	5251.5			
2020.04.02	09:05:07.916		5252.5		
2020.04.02	09:05:07.923		5253.0		
2020.04.02	09:05:07.923	5252.0			
2020.04.02	09:05:08.658	5252.5			
2020.04.02	09:05:08.806			5252.5	5.00000000
2020.04.02	09:05:09.043	5252.0			
2020.04.02	09:05:09.043		5252.5		
2020.04.02	09:05:09.046	5251.5			
2020.04.02	09:05:10.281			5252.0	5.00000000
2020.04.02	09:05:12.194			5252.0	5.00000000
2020.04.02	09:05:13.602	5252.0			
2020.04.02	09:05:13.605		5253.0		
2020.04.02	09:05:13.799			5252.0	5.00000000
2020.04.02	09:05:13.970	5251.5			
2020.04.02	09:05:13.974		5252.5		
2020.04.02	09:05:14.360		5253.0		
2020.04.02	09:05:14.360	5252.0			
2020.04.02	09:05:14.746		5253.5		
2020.04.02	09:05:15.877		5253.0		
2020.04.02	09:05:15.881		5253.5		
2020.04.02	09:05:16.633		5253.0		
2020.04.02	09:05:17.012		5253.5		
2020.04.02	09:05:18.649			5253.5	5.00000000
2020.04.02	09:05:18.665			5253.5	5.00000000
2020.04.02	09:05:18.914		5254.0		
2020.04.02	09:05:18.915	5252.5			
2020.04.02	09:05:18.915	5253.0			
2020.04.02	09:05:20.438		5253.5		
2020.04.02	09:05:21.067			5253.0	5.00000000
2020.04.02	09:05:21.067			5252.5	5.00000000
2020.04.02	09:05:21.205	5252.5			
2020.04.02	09:05:21.209		5253.0		
2020.04.02	09:05:21.210	5252.0			
2020.04.02	09:05:21.213		5253.5		
2020.04.02	09:05:21.213		5253.0		
2020.04.02	09:05:21.581		5253.5		
2020.04.02	09:05:21.581		5253.0		
2020.04.02	09:05:22.333		5253.5		
2020.04.02	09:05:22.712	5252.5			
2020.04.02	09:05:23.102	5253.0			
2020.04.02	09:05:23.483	5252.5			
2020.04.02	09:05:23.538			5253.0	5.00000000
2020.04.02	09:05:24.013			5253.5	5.00000000
2020.04.02	09:05:24.249	5253.0			
2020.04.02	09:05:24.249		5254.0		
2020.04.02	09:05:26.089			5253.5	5.00000000
2020.04.02	09:05:26.089			5253.0	5.00000000
2020.04.02	09:05:26.089			5253.0	5.00000000
2020.04.02	09:05:26.089			5253.0	5.00000000
2020.04.02	09:05:26.098			5253.5	5.00000000
2020.04.02	09:05:26.140		5254.5		
2020.04.02	09:05:26.140	5253.5			
2020.04.02	09:05:26.142	5253.0			
2020.04.02	09:05:26.144		5254.0		
2020.04.02	09:05:26.144	5252.5			
2020.04.02	09:05:26.146	5253.0			
2020.04.02	09:05:27.796			5254.0	5.00000000
2020.04.02	09:05:27.796			5254.0	5.00000000
2020.04.02	09:05:28.032		5254.5		
2020.04.02	09:05:28.032	5253.5			
2020.04.02	09:05:28.417		5254.0		
2020.04.02	09:05:28.417	5253.0			
2020.04.02	09:05:28.732			5253.0	15.00000000
2020.04.02	09:05:28.736			5253.0	5.00000000
2020.04.02	09:05:28.736			5253.0	5.00000000
2020.04.02	09:05:28.737			5253.0	25.00000000
2020.04.02	09:05:28.807	5252.5			
2020.04.02	09:05:28.807		5253.0		
2020.04.02	09:05:28.817		5253.5		
2020.04.02	09:05:30.314		5253.0		
2020.04.02	09:05:30.732			5253.0	5.00000000
2020.04.02	09:05:31.338			5253.0	5.00000000
2020.04.02	09:05:31.340			5253.0	10.00000000
2020.04.02	09:05:31.371			5252.5	5.00000000
2020.04.02	09:05:31.372			5252.5	5.00000000
2020.04.02	09:05:31.430			5253.0	5.00000000
2020.04.02	09:05:31.456		5253.5		
2020.04.02	09:05:31.458	5252.0			
2020.04.02	09:05:31.461	5252.5			
2020.04.02	09:05:32.978	5252.0			
2020.04.02	09:05:32.982		5253.0		
2020.04.02	09:05:32.997			5252.5	5.00000000
2020.04.02	09:05:33.360		5253.5		
2020.04.02	09:05:34.120		5253.0		
2020.04.02	09:05:35.271		5253.5		
2020.04.02	09:05:35.275	5251.5			
2020.04.02	09:05:35.275		5252.0		
2020.04.02	09:05:35.280			5252.0	5.00000000
2020.04.02	09:05:35.280			5252.0	5.00000000
2020.04.02	09:05:35.280			5252.0	5.00000000
2020.04.02	09:05:35.280			5252.0	5.00000000
2020.04.02	09:05:35.280			5252.0	5.00000000
2020.04.02	09:05:35.280			5252.0	5.00000000
2020.04.02	09:05:35.284			5252.0	10.00000000
2020.04.02	09:05:35.285		5252.5		
2020.04.02	09:05:35.286			5252.0	25.00000000
2020.04.02	09:05:35.289			5252.0	35.00000000
2020.04.02	09:05:36.452			5252.0	5.00000000
2020.04.02	09:05:37.153		5252.0		
2020.04.02	09:05:37.919		5252.5		
2020.04.02	09:05:39.059	5252.0			
2020.04.02	09:05:40.198		5253.0		
2020.04.02	09:05:40.963		5252.5		
2020.04.02	09:05:41.335		5253.0		
2020.04.02	09:05:42.365			5252.0	5.00000000
2020.04.02	09:05:42.365			5252.0	5.00000000
2020.04.02	09:05:42.365			5251.5	20.00000000
2020.04.02	09:05:42.365			5251.5	5.00000000
2020.04.02	09:05:42.365			5251.5	10.00000000
2020.04.02	09:05:42.372			5251.0	5.00000000
2020.04.02	09:05:42.372			5251.0	5.00000000
2020.04.02	09:05:42.382			5250.5	5.00000000
2020.04.02	09:05:42.383			5250.0	5.00000000
2020.04.02	09:05:42.405			5250.0	5.00000000
2020.04.02	09:05:42.491	5251.0			
2020.04.02	09:05:42.491		5251.5		
2020.04.02	09:05:42.497	5250.5			
2020.04.02	09:05:42.499		5251.0		
2020.04.02	09:05:42.508	5250.0			
2020.04.02	09:05:43.624	5250.5			
2020.04.02	09:05:43.624		5251.5		
2020.04.02	09:05:43.686			5251.0	5.00000000
2020.04.02	09:05:43.817			5251.5	5.00000000
2020.04.02	09:05:44.763		5251.0		
2020.04.02	09:05:44.763	5250.0			
2020.04.02	09:05:44.810			5250.5	5.00000000
2020.04.02	09:05:45.525	5250.5			
2020.04.02	09:05:45.525		5251.5		
2020.04.02	09:05:45.534			5251.0	5.00000000
2020.04.02	09:05:45.785			5251.0	5.00000000
2020.04.02	09:05:46.395			5250.5	5.00000000
2020.04.02	09:05:46.918			5250.5	5.00000000
2020.04.02	09:05:46.920			5250.5	10.00000000
2020.04.02	09:05:46.920			5250.5	5.00000000
2020.04.02	09:05:47.043	5250.0			
2020.04.02	09:05:47.043		5251.0		
2020.04.02	09:05:47.418		5251.5		
2020.04.02	09:05:47.420		5251.0		
2020.04.02	09:05:47.431		5250.5		
2020.04.02	09:05:48.942		5251.0		
2020.04.02	09:05:48.949			5250.5	5.00000000
2020.04.02	09:05:49.957	5250.5			
2020.04.02	09:05:51.005			5250.5	5.00000000
2020.04.02	09:05:51.219	5250.0			
2020.04.02	09:05:52.360	5250.5			
2020.04.02	09:05:53.880	5250.0			
2020.04.02	09:05:53.903			5250.5	5.00000000
2020.04.02	09:05:54.625			5250.0	5.00000000
2020.04.02	09:05:54.625			5250.0	10.00000000
2020.04.02	09:05:54.649		5250.5		
2020.04.02	09:05:54.653		5251.0		
2020.04.02	09:05:54.654	5249.5			
2020.04.02	09:05:54.654		5250.0		
2020.04.02	09:05:54.656	5249.0			
2020.04.02	09:05:54.667		5249.5		
2020.04.02	09:05:54.759			5249.5	5.00000000
2020.04.02	09:05:55.050		5250.0		
2020.04.02	09:05:57.679	5249.5			
2020.04.02	09:05:59.877			5249.5	5.00000000
2020.04.02	09:05:59.877			5249.5	5.00000000
2020.04.02	09:05:59.879			5249.5	10.00000000
2020.04.02	09:05:59.880			5249.5	5.00000000
2020.04.02	09:05:59.880			5249.5	5.00000000
2020.04.02	09:05:59.882			5249.5	55.00000000
2020.04.02	09:05:59.886			5250.0	5.00000000
2020.04.02	09:05:59.886			5250.0	5.00000000
2020.04.02	09:05:59.886			5250.0	5.00000000
2020.04.02	09:05:59.886			5250.0	5.00000000
2020.04.02	09:05:59.967	5249.0			
2020.04.02	09:05:59.967		5249.5		
2020.04.02	09:05:59.972		5250.0		
2020.04.02	09:05:59.974	5249.5			
2020.04.02	09:05:59.976		5250.5		
2020.04.02	09:05:59.978		5251.0		
2020.04.02	09:05:59.978		5250.5		
2020.04.02	09:06:00.336	5249.5			
2020.04.02	09:06:01.104	5250.0			
2020.04.02	09:06:01.104		5251.0		
2020.04.02	09:06:02.146			5250.0	5.00000000
2020.04.02	09:06:02.146			5249.5	5.00000000
2020.04.02	09:06:02.146			5249.5	5.00000000
2020.04.02	09:06:02.146			5249.5	5.00000000
2020.04.02	09:06:02.146			5249.5	5.00000000
2020.04.02	09:06:02.146			5249.5	5.00000000
2020.04.02	09:06:02.146			5249.0	5.00000000
2020.04.02	09:06:02.146			5249.0	5.00000000
2020.04.02	09:06:02.146			5249.0	5.00000000
2020.04.02	09:06:02.146			5249.0	5.00000000
2020.04.02	09:06:02.146			5249.0	5.00000000
2020.04.02	09:06:02.146			5249.0	5.00000000
2020.04.02	09:06:02.146			5249.0	5.00000000
2020.04.02	09:06:02.146			5248.5	5.00000000
2020.04.02	09:06:02.159			5249.5	5.00000000
2020.04.02	09:06:02.250	5248.5			
2020.04.02	09:06:02.256		5250.5		
2020.04.02	09:06:02.259		5250.0		
2020.04.02	09:06:02.261	5249.0			
2020.04.02	09:06:03.392		5250.5		
2020.04.02	09:06:03.766	5249.5			
2020.04.02	09:06:03.768	5250.0			
2020.04.02	09:06:03.768		5251.0		
2020.04.02	09:06:06.043		5251.5		
2020.04.02	09:06:06.341			5250.0	5.00000000
2020.04.02	09:06:06.341			5250.0	10.00000000
2020.04.02	09:06:06.341			5250.0	5.00000000
2020.04.02	09:06:06.341			5250.0	5.00000000
2020.04.02	09:06:06.345			5250.0	5.00000000
2020.04.02	09:06:06.347			5250.0	5.00000000
2020.04.02	09:06:06.347			5250.0	10.00000000
2020.04.02	09:06:06.347			5250.0	5.00000000
2020.04.02	09:06:06.350			5250.5	5.00000000
2020.04.02	09:06:06.394			5251.0	5.00000000
2020.04.02	09:06:06.398			5250.5	5.00000000
2020.04.02	09:06:06.430	5249.5			
2020.04.02	09:06:06.430		5250.0		
2020.04.02	09:06:06.434		5250.5		
2020.04.02	09:06:06.437	5250.0			
2020.04.02	09:06:06.438		5251.0		
2020.04.02	09:06:06.438	5250.5			
2020.04.02	09:06:06.441		5251.5		
2020.04.02	09:06:07.073			5250.5	5.00000000
2020.04.02	09:06:07.181		5251.0		
2020.04.02	09:06:07.937		5251.5		
2020.04.02	09:06:08.327		5251.0		
2020.04.02	09:06:09.090		5251.5		
2020.04.02	09:06:09.099			5251.0	5.00000000
2020.04.02	09:06:09.099			5251.0	5.00000000
2020.04.02	09:06:12.884	5251.0			
2020.04.02	09:06:13.907			5251.5	5.00000000
2020.04.02	09:06:14.023		5252.0		
2020.04.02	09:06:14.410	5250.5			
2020.04.02	09:06:14.410		5251.0		
2020.04.02	09:06:14.443			5251.0	5.00000000
2020.04.02	09:06:14.443			5251.0	5.00000000
2020.04.02	09:06:16.095			5251.0	15.00000000
2020.04.02	09:06:16.304		5251.5		
2020.04.02	09:06:16.305	5251.0			
2020.04.02	09:06:16.308		5252.0		
2020.04.02	09:06:16.837			5251.0	35.00000000
2020.04.02	09:06:16.837			5251.0	5.00000000
2020.04.02	09:06:16.837			5250.5	10.00000000
2020.04.02	09:06:17.066	5250.5			
2020.04.02	09:06:17.066		5251.5		
2020.04.02	09:06:23.141		5251.0		
2020.04.02	09:06:25.370			5250.5	5.00000000
2020.04.02	09:06:25.419	5250.0			
2020.04.02	09:06:25.419		5251.5		
2020.04.02	09:06:25.420		5250.5		
2020.04.02	09:06:30.468			5250.5	5.00000000
2020.04.02	09:06:30.470			5250.5	5.00000000
2020.04.02	09:06:30.471			5250.5	5.00000000
2020.04.02	09:06:30.471			5250.5	5.00000000
2020.04.02	09:06:30.747		5251.0		
2020.04.02	09:06:30.747		5251.5		
2020.04.02	09:06:30.747	5250.5			
2020.04.02	09:06:31.507		5252.0		
2020.04.02	09:06:34.544		5251.5		
2020.04.02	09:06:35.919			5250.5	5.00000000
2020.04.02	09:06:35.919			5250.5	5.00000000
2020.04.02	09:06:35.919			5250.5	5.00000000
2020.04.02	09:06:35.922			5250.5	5.00000000
2020.04.02	09:06:35.924			5250.5	5.00000000
2020.04.02	09:06:35.925			5250.5	35.00000000
2020.04.02	09:06:36.073	5250.0			
2020.04.02	09:06:36.073		5250.5		
2020.04.02	09:06:36.084		5251.5		
2020.04.02	09:06:36.086	5250.5			
2020.04.02	09:06:43.644			5250.5	5.00000000
2020.04.02	09:06:43.644			5250.5	5.00000000
2020.04.02	09:06:43.644			5250.0	10.00000000
2020.04.02	09:06:43.644			5250.0	5.00000000
2020.04.02	09:06:43.644			5250.0	5.00000000
2020.04.02	09:06:43.644			5250.0	5.00000000
2020.04.02	09:06:43.647			5250.0	5.00000000
2020.04.02	09:06:43.648			5250.0	10.00000000
2020.04.02	09:06:43.650			5250.5	5.00000000
2020.04.02	09:06:43.654			5250.5	5.00000000
2020.04.02	09:06:43.656			5250.5	5.00000000
2020.04.02	09:06:43.683	5249.5			
2020.04.02	09:06:43.683		5250.0		
2020.04.02	09:06:43.687	5249.0			
2020.04.02	09:06:43.689		5251.0		
2020.04.02	09:06:43.689	5250.0			
2020.04.02	09:06:43.690	5249.0			
2020.04.02	09:06:43.692		5250.5		
2020.04.02	09:06:43.692		5251.0		
2020.04.02	09:06:43.694	5250.5			
2020.04.02	09:06:43.700		5251.5		
2020.04.02	09:06:46.146			5250.5	5.00000000
2020.04.02	09:06:46.149			5250.5	5.00000000
2020.04.02	09:06:46.152			5250.5	5.00000000
2020.04.02	09:06:46.335	5250.0			
2020.04.02	09:06:46.336	5250.5			
2020.04.02	09:06:47.477	5250.0			
2020.04.02	09:06:47.477		5250.5		
2020.04.02	09:06:47.479	5249.0			
2020.04.02	09:06:47.502			5250.5	5.00000000
2020.04.02	09:06:47.506			5250.5	5.00000000
2020.04.02	09:06:47.510			5250.0	5.00000000
2020.04.02	09:06:47.512			5250.5	5.00000000
2020.04.02	09:06:47.514			5250.5	5.00000000
2020.04.02	09:06:48.613		5250.0		
2020.04.02	09:06:50.139		5250.5		
2020.04.02	09:06:50.517	5249.5			
2020.04.02	09:06:53.935	5250.0			
2020.04.02	09:06:56.988			5250.5	5.00000000
2020.04.02	09:07:00.018	5250.0			
2020.04.02	09:07:00.180			5250.0	5.00000000
2020.04.02	09:07:00.180			5250.0	10.00000000
2020.04.02	09:07:00.180			5250.0	5.00000000
2020.04.02	09:07:00.402	5249.5			
2020.04.02	09:07:00.402		5250.0		
2020.04.02	09:07:00.402	5249.0			
2020.04.02	09:07:00.407	5249.5			
2020.04.02	09:07:00.991			5249.5	5.00000000
2020.04.02	09:07:00.994			5249.5	5.00000000
2020.04.02	09:07:00.995			5249.5	5.00000000
2020.04.02	09:07:01.085			5249.5	5.00000000
2020.04.02	09:07:01.162	5249.0			
2020.04.02	09:07:01.164		5249.5		
2020.04.02	09:07:01.164		5250.0		
2020.04.02	09:07:01.272			5250.0	5.00000000
2020.04.02	09:07:01.285			5250.0	20.00000000
2020.04.02	09:07:01.287			5250.0	5.00000000
2020.04.02	09:07:01.543	5249.5			
2020.04.02	09:07:06.183			5250.0	5.00000000
2020.04.02	09:07:06.479	5248.5			
2020.04.02	09:07:06.479		5249.0		
2020.04.02	09:07:06.564			5249.5	5.00000000
2020.04.02	09:07:06.564			5249.5	5.00000000
2020.04.02	09:07:06.564			5249.5	5.00000000
2020.04.02	09:07:06.564			5249.0	5.00000000
2020.04.02	09:07:06.564			5249.0	5.00000000
2020.04.02	09:07:06.564			5249.0	5.00000000
2020.04.02	09:07:06.564			5249.0	5.00000000
2020.04.02	09:07:06.567			5249.0	5.00000000
2020.04.02	09:07:06.575			5249.0	5.00000000
2020.04.02	09:07:06.859		5250.0		
2020.04.02	09:07:06.859	5249.0			
2020.04.02	09:07:06.868	5248.5			
2020.04.02	09:07:06.868	5249.0			
2020.04.02	09:07:07.241		5249.5		
2020.04.02	09:07:07.241	5248.5			
2020.04.02	09:07:08.386	5249.0			
2020.04.02	09:07:08.386		5250.0		
2020.04.02	09:07:12.935		5249.5		
2020.04.02	09:07:12.945		5250.0		
2020.04.02	09:07:14.078	5249.5			
2020.04.02	09:07:14.456	5249.0			
2020.04.02	09:07:15.214		5249.5		
2020.04.02	09:07:17.037			5249.0	5.00000000
2020.04.02	09:07:17.037			5249.0	5.00000000
2020.04.02	09:07:17.126	5248.5			
2020.04.02	09:07:17.126		5249.0		
2020.04.02	09:07:17.502	5248.0			
2020.04.02	09:07:17.587			5248.5	10.00000000
2020.04.02	09:07:17.589			5248.5	10.00000000
2020.04.02	09:07:17.592			5248.5	5.00000000
2020.04.02	09:07:17.903		5248.5		
2020.04.02	09:07:17.907		5249.0		
2020.04.02	09:07:17.909	5248.5			
2020.04.02	09:07:17.958			5248.5	5.00000000
2020.04.02	09:07:17.958			5249.0	30.00000000
2020.04.02	09:07:19.017	5248.0			
2020.04.02	09:07:22.350			5248.5	5.00000000
2020.04.02	09:07:22.613			5248.0	5.00000000
2020.04.02	09:07:22.613			5248.0	5.00000000
2020.04.02	09:07:22.613			5248.0	5.00000000
2020.04.02	09:07:22.624			5247.5	5.00000000
2020.04.02	09:07:22.793			5247.5	5.00000000
2020.04.02	09:07:22.793			5247.0	5.00000000
2020.04.02	09:07:22.796			5247.0	5.00000000
2020.04.02	09:07:22.796			5247.0	5.00000000
2020.04.02	09:07:22.829		5248.5		
2020.04.02	09:07:22.829	5247.5			
2020.04.02	09:07:22.831	5247.0			
2020.04.02	09:07:22.833	5247.5			
2020.04.02	09:07:22.839	5247.0			
2020.04.02	09:07:22.844		5248.0		
2020.04.02	09:07:22.849		5248.5		
2020.04.02	09:07:23.579		5248.0		
2020.04.02	09:07:24.720		5247.5		
2020.04.02	09:07:24.824			5247.5	5.00000000
2020.04.02	09:07:25.103		5248.0		
2020.04.02	09:07:25.103		5248.5		
2020.04.02	09:07:25.107	5247.5			
2020.04.02	09:07:25.384			5248.0	5.00000000
2020.04.02	09:07:25.384			5248.0	5.00000000
2020.04.02	09:07:25.384			5248.0	5.00000000
2020.04.02	09:07:25.384			5247.5	5.00000000
2020.04.02	09:07:25.510		5249.0		
2020.04.02	09:07:25.512	5248.0			
2020.04.02	09:07:25.512	5247.5			
2020.04.02	09:07:25.514		5248.5		
2020.04.02	09:07:25.693			5248.5	5.00000000
2020.04.02	09:07:25.861	5248.0			
2020.04.02	09:07:25.861		5249.0		
2020.04.02	09:07:27.009	5248.5			
2020.04.02	09:07:27.014		5249.5		
2020.04.02	09:07:27.054			5249.0	10.00000000
2020.04.02	09:07:27.054			5249.0	5.00000000
2020.04.02	09:07:27.054			5249.0	5.00000000
2020.04.02	09:07:30.797	5249.0			
2020.04.02	09:07:31.712			5249.5	5.00000000
2020.04.02	09:07:31.940		5250.0		
2020.04.02	09:07:32.458			5250.0	5.00000000
2020.04.02	09:07:33.080	5248.5			
2020.04.02	09:07:33.080		5249.0		
2020.04.02	09:07:33.174			5249.0	5.00000000
2020.04.02	09:07:33.174			5249.0	10.00000000
2020.04.02	09:07:33.178			5249.0	5.00000000
2020.04.02	09:07:38.704			5248.5	5.00000000
2020.04.02	09:07:38.704			5248.0	10.00000000
2020.04.02	09:07:38.704			5248.0	5.00000000
2020.04.02	09:07:38.708			5248.0	5.00000000
2020.04.02	09:07:38.709			5248.0	5.00000000
2020.04.02	09:07:38.790	5247.5			
2020.04.02	09:07:38.790		5248.0		
2020.04.02	09:07:39.883			5248.0	5.00000000
2020.04.02	09:07:40.047			5248.0	5.00000000
2020.04.02	09:07:41.295			5247.5	5.00000000
2020.04.02	09:07:41.295			5247.5	5.00000000
2020.04.02	09:07:41.295			5247.5	5.00000000
2020.04.02	09:07:41.295			5247.0	5.00000000
2020.04.02	09:07:41.295			5247.0	5.00000000
2020.04.02	09:07:41.295			5247.0	15.00000000
2020.04.02	09:07:41.301			5247.5	5.00000000
2020.04.02	09:07:41.449	5247.0			
2020.04.02	09:07:41.459	5247.5			
2020.04.02	09:07:43.625			5247.5	5.00000000
2020.04.02	09:07:43.730	5247.0			
2020.04.02	09:07:43.730		5247.5		
2020.04.02	09:07:44.523			5247.5	5.00000000
2020.04.02	09:07:44.803			5247.5	5.00000000
2020.04.02	09:07:44.804			5247.5	5.00000000
2020.04.02	09:07:44.805			5247.5	5.00000000
2020.04.02	09:07:44.806			5247.5	5.00000000
2020.04.02	09:07:44.808			5247.5	5.00000000
2020.04.02	09:07:44.876		5248.0		
2020.04.02	09:07:44.876	5247.5			
2020.04.02	09:07:44.947			5247.5	5.00000000
2020.04.02	09:07:44.948			5247.5	5.00000000
2020.04.02	09:07:45.719			5247.5	5.00000000
2020.04.02	09:07:45.719			5247.0	15.00000000
2020.04.02	09:07:45.936			5247.0	10.00000000
2020.04.02	09:07:45.936			5247.0	10.00000000
2020.04.02	09:07:45.937			5247.0	10.00000000
2020.04.02	09:07:45.947			5247.0	5.00000000
2020.04.02	09:07:45.949			5247.0	5.00000000
2020.04.02	09:07:46.010		5248.5		
2020.04.02	09:07:46.010	5247.0			
2020.04.02	09:07:46.016		5247.5		
2020.04.02	09:07:46.019	5246.5			
2020.04.02	09:07:46.021		5247.0		
2020.04.02	09:07:46.023	5246.0			
2020.04.02	09:07:46.027		5247.5		
2020.04.02	09:07:46.027		5247.0		
2020.04.02	09:07:46.693			5247.0	5.00000000
2020.04.02	09:07:46.768	5246.5			
2020.04.02	09:07:46.769		5247.5		
2020.04.02	09:07:47.140		5247.0		
2020.04.02	09:07:47.787			5247.0	5.00000000
2020.04.02	09:07:48.031			5247.0	10.00000000
2020.04.02	09:07:48.031			5247.0	5.00000000
2020.04.02	09:07:48.031			5247.0	20.00000000
2020.04.02	09:07:48.031			5247.0	5.00000000
2020.04.02	09:07:48.293		5247.5		
2020.04.02	09:07:48.298	5247.0			
2020.04.02	09:07:48.298		5248.0		
2020.04.02	09:07:48.304		5248.5		
2020.04.02	09:07:48.676		5249.0		
2020.04.02	09:07:48.676	5248.5			
2020.04.02	09:07:48.678			5248.5	5.00000000
2020.04.02	09:07:48.678			5248.5	5.00000000
2020.04.02	09:07:48.678			5248.5	5.00000000
2020.04.02	09:07:48.678			5248.5	5.00000000
2020.04.02	09:07:48.678	5247.0			
2020.04.02	09:07:48.678	5247.5			
2020.04.02	09:07:48.680		5248.5		
2020.04.02	09:07:48.680	5248.0			
2020.04.02	09:07:48.681			5248.5	15.00000000
2020.04.02	09:07:48.681			5248.5	5.00000000
2020.04.02	09:07:48.682			5248.5	10.00000000
2020.04.02	09:07:49.053		5249.0		
2020.04.02	09:07:49.804	5248.5			
2020.04.02	09:07:50.185		5249.5		
2020.04.02	09:07:50.186	5248.0			
2020.04.02	09:07:50.186	5248.5			
2020.04.02	09:07:50.249			5249.0	5.00000000
2020.04.02	09:07:52.236			5249.5	5.00000000
2020.04.02	09:07:52.236			5249.5	5.00000000
2020.04.02	09:07:54.322			5248.5	5.00000000
2020.04.02	09:07:54.322			5248.0	5.00000000
2020.04.02	09:07:54.322			5248.0	5.00000000
2020.04.02	09:07:54.322			5248.0	5.00000000
2020.04.02	09:07:54.322			5248.0	5.00000000
2020.04.02	09:07:54.322			5248.0	5.00000000
2020.04.02	09:07:54.326			5248.0	15.00000000
2020.04.02	09:07:54.326			5248.0	5.00000000
2020.04.02	09:07:54.376	5247.5			
2020.04.02	09:07:54.376		5248.0		
2020.04.02	09:07:54.379		5249.0		
2020.04.02	09:07:54.384		5248.5		
2020.04.02	09:07:54.386	5247.0			
2020.04.02	09:07:54.468			5247.0	5.00000000
2020.04.02	09:07:54.471			5247.0	10.00000000
2020.04.02	09:07:54.474			5247.0	5.00000000
2020.04.02	09:07:54.474			5247.0	5.00000000
2020.04.02	09:07:54.746		5248.0		
2020.04.02	09:07:54.750		5247.5		
2020.04.02	09:07:54.758	5246.5			
2020.04.02	09:07:56.267		5248.0		
2020.04.02	09:07:56.270	5247.0			
2020.04.02	09:07:56.329			5247.5	5.00000000
2020.04.02	09:07:56.329			5247.5	5.00000000
2020.04.02	09:07:56.329			5247.5	5.00000000
2020.04.02	09:07:56.329			5247.5	5.00000000
2020.04.02	09:07:56.329			5248.0	30.00000000
2020.04.02	09:07:56.459			5247.5	5.00000000
2020.04.02	09:07:57.575			5248.0	5.00000000
2020.04.02	09:07:59.093			5247.0	5.00000000
2020.04.02	09:07:59.093			5247.0	5.00000000
2020.04.02	09:07:59.093			5247.0	5.00000000
2020.04.02	09:07:59.093			5246.5	5.00000000
2020.04.02	09:07:59.093			5246.5	5.00000000
2020.04.02	09:07:59.093			5246.5	5.00000000
2020.04.02	09:07:59.309	5246.5			
2020.04.02	09:07:59.309		5247.5		
2020.04.02	09:07:59.311	5246.0			
2020.04.02	09:07:59.315	5246.5			
2020.04.02	09:08:00.063	5246.5			
2020.04.02	09:08:00.808			5247.0	5.00000000
2020.04.02	09:08:00.934			5247.5	5.00000000
2020.04.02	09:08:00.934			5247.5	5.00000000
2020.04.02	09:08:00.934			5248.0	40.00000000
2020.04.02	09:08:01.210		5248.0		
2020.04.02	09:08:01.225	5247.0			
2020.04.02	09:08:01.225	5247.5			
2020.04.02	09:08:01.603			5247.5	5.00000000
2020.04.02	09:08:01.603			5247.5	5.00000000
2020.04.02	09:08:01.605			5247.5	5.00000000
2020.04.02	09:08:01.606			5247.5	5.00000000
2020.04.02	09:08:01.606	5247.0			
2020.04.02	09:08:01.606		5248.5		
2020.04.02	09:08:01.606		5247.5		
2020.04.02	09:08:01.608		5248.5		
2020.04.02	09:08:01.609			5247.5	40.00000000
2020.04.02	09:08:01.610			5247.5	5.00000000
2020.04.02	09:08:01.610			5247.5	60.00000000
2020.04.02	09:08:01.612	5247.5			
2020.04.02	09:08:01.612		5249.0		
2020.04.02	09:08:01.614	5248.0			
2020.04.02	09:08:03.758			5248.0	5.00000000
2020.04.02	09:08:03.758			5248.0	5.00000000
2020.04.02	09:08:03.758			5248.0	5.00000000
2020.04.02	09:08:03.879	5247.5			
2020.04.02	09:08:03.879		5248.0		
2020.04.02	09:08:03.884	5247.0			
2020.04.02	09:08:06.150	5247.5			
2020.04.02	09:08:06.209			5248.0	20.00000000
2020.04.02	09:08:06.908	5247.0			
2020.04.02	09:08:07.215			5248.0	10.00000000
2020.04.02	09:08:07.290	5247.5			
2020.04.02	09:08:08.430	5247.0			
2020.04.02	09:08:08.498			5247.5	5.00000000
2020.04.02	09:08:08.498			5247.0	10.00000000
2020.04.02	09:08:08.498			5247.0	5.00000000
2020.04.02	09:08:08.658			5248.0	5.00000000
2020.04.02	09:08:08.809	5247.5			
2020.04.02	09:08:08.810		5248.5		
2020.04.02	09:08:08.811		5249.0		
2020.04.02	09:08:09.565		5248.5		
2020.04.02	09:08:10.329		5248.0		
2020.04.02	09:08:15.841			5248.0	5.00000000
2020.04.02	09:08:15.843			5248.0	15.00000000
2020.04.02	09:08:16.031		5248.5		
2020.04.02	09:08:16.031	5248.0			
2020.04.02	09:08:16.031		5249.0		
2020.04.02	09:08:19.072	5248.5			
2020.04.02	09:08:19.987			5248.5	5.00000000
2020.04.02	09:08:19.987			5248.5	5.00000000
2020.04.02	09:08:20.212	5248.0			
2020.04.02	09:08:20.212		5248.5		
2020.04.02	09:08:20.217	5247.5			
2020.04.02	09:08:20.687		5248.0		
2020.04.02	09:08:20.885			5247.5	5.00000000
2020.04.02	09:08:20.885			5247.0	5.00000000
2020.04.02	09:08:20.885			5247.0	10.00000000
2020.04.02	09:08:20.885			5247.0	5.00000000
2020.04.02	09:08:20.885			5247.0	5.00000000
2020.04.02	09:08:20.885			5247.0	5.00000000
2020.04.02	09:08:20.885			5246.5	5.00000000
2020.04.02	09:08:20.885			5246.5	5.00000000
2020.04.02	09:08:20.885			5246.5	5.00000000
2020.04.02	09:08:20.885			5246.5	5.00000000
2020.04.02	09:08:20.885			5246.5	5.00000000
2020.04.02	09:08:20.885			5246.5	5.00000000
2020.04.02	09:08:20.885			5246.5	5.00000000
2020.04.02	09:08:20.885			5246.5	5.00000000
2020.04.02	09:08:20.885			5246.0	5.00000000
2020.04.02	09:08:20.885			5246.0	5.00000000
2020.04.02	09:08:20.885			5246.0	5.00000000
2020.04.02	09:08:20.885			5246.0	5.00000000
2020.04.02	09:08:20.885			5246.0	10.00000000
2020.04.02	09:08:20.885			5246.0	5.00000000
2020.04.02	09:08:20.885			5246.0	5.00000000
2020.04.02	09:08:20.885			5246.0	5.00000000
2020.04.02	09:08:20.885			5245.5	5.00000000
2020.04.02	09:08:20.885			5245.5	5.00000000
2020.04.02	09:08:20.885			5245.5	5.00000000
2020.04.02	09:08:20.885			5245.5	5.00000000
2020.04.02	09:08:20.885			5245.5	5.00000000
2020.04.02	09:08:20.885			5245.5	5.00000000
2020.04.02	09:08:20.885			5245.5	5.00000000
2020.04.02	09:08:20.885			5245.5	5.00000000
2020.04.02	09:08:20.885			5245.5	5.00000000
2020.04.02	09:08:20.885			5245.5	5.00000000
2020.04.02	09:08:20.885			5245.5	5.00000000
2020.04.02	09:08:20.885			5245.0	5.00000000
2020.04.02	09:08:20.885			5245.0	5.00000000
2020.04.02	09:08:20.885			5245.0	10.00000000
2020.04.02	09:08:20.885			5245.0	5.00000000
2020.04.02	09:08:20.885			5245.0	25.00000000
2020.04.02	09:08:20.885			5245.0	5.00000000
2020.04.02	09:08:20.885			5245.0	5.00000000
2020.04.02	09:08:20.885			5245.0	5.00000000
2020.04.02	09:08:20.885			5245.0	5.00000000
2020.04.02	09:08:20.885			5245.0	5.00000000
2020.04.02	09:08:20.885			5245.0	5.00000000
2020.04.02	09:08:20.908			5245.0	5.00000000
2020.04.02	09:08:20.909			5244.5	5.00000000
2020.04.02	09:08:20.909			5244.5	5.00000000
2020.04.02	09:08:20.909			5245.0	5.00000000
2020.04.02	09:08:20.910			5244.0	5.00000000
2020.04.02	09:08:20.910			5244.0	5.00000000
2020.04.02	09:08:20.914			5245.0	5.00000000
2020.04.02	09:08:20.916			5245.0	5.00000000
2020.04.02	09:08:20.917			5245.0	5.00000000
2020.04.02	09:08:20.918			5245.0	5.00000000
2020.04.02	09:08:20.925			5245.0	5.00000000
2020.04.02	09:08:20.929			5244.0	5.00000000
2020.04.02	09:08:20.929			5244.0	5.00000000
2020.04.02	09:08:20.930			5244.5	5.00000000
2020.04.02	09:08:20.931			5245.0	5.00000000
2020.04.02	09:08:20.937			5245.0	5.00000000
2020.04.02	09:08:20.939			5244.5	5.00000000
2020.04.02	09:08:20.955			5244.0	5.00000000
2020.04.02	09:08:21.006			5244.0	5.00000000
2020.04.02	09:08:21.037	5244.5			
2020.04.02	09:08:21.037		5245.0		
2020.04.02	09:08:21.052	5244.0			
2020.04.02	09:08:21.074		5244.5		
2020.04.02	09:08:21.074	5243.5			
2020.04.02	09:08:21.076		5245.0		
2020.04.02	09:08:21.081		5244.5		
2020.04.02	09:08:21.083	5244.0			
2020.04.02	09:08:21.087	5243.5			
2020.04.02	09:08:21.103		5244.0		
2020.04.02	09:08:21.109		5244.5		
2020.04.02	09:08:21.672			5244.0	5.00000000
2020.04.02	09:08:22.086			5244.0	5.00000000
2020.04.02	09:08:22.420			5244.0	5.00000000
2020.04.02	09:08:23.124			5244.5	5.00000000
2020.04.02	09:08:23.124			5244.5	5.00000000
2020.04.02	09:08:23.124			5244.5	5.00000000
2020.04.02	09:08:23.130			5245.0	5.00000000
2020.04.02	09:08:23.254		5245.0		
2020.04.02	09:08:23.254	5244.5			
2020.04.02	09:08:23.277			5245.0	5.00000000
2020.04.02	09:08:23.696			5245.0	5.00000000
2020.04.02	09:08:24.399			5244.5	50.00000000
2020.04.02	09:08:24.404			5244.5	5.00000000
2020.04.02	09:08:24.404			5244.5	5.00000000
2020.04.02	09:08:24.404			5244.5	5.00000000
2020.04.02	09:08:24.404			5244.5	5.00000000
2020.04.02	09:08:24.405			5244.5	5.00000000
2020.04.02	09:08:24.405			5244.5	5.00000000
2020.04.02	09:08:24.405			5244.5	5.00000000
2020.04.02	09:08:24.406			5244.5	5.00000000
2020.04.02	09:08:26.692			5245.0	5.00000000
2020.04.02	09:08:26.694			5245.0	5.00000000
2020.04.02	09:08:28.969			5245.0	5.00000000
2020.04.02	09:08:30.438			5245.0	5.00000000
2020.04.02	09:08:33.228			5245.0	20.00000000
2020.04.02	09:08:33.231			5245.0	10.00000000
2020.04.02	09:08:33.232			5245.0	5.00000000
2020.04.02	09:08:33.493			5245.0	10.00000000
2020.04.02	09:08:33.732			5244.5	5.00000000
2020.04.02	09:08:35.960			5245.0	5.00000000
2020.04.02	09:08:35.963			5245.0	15.00000000
2020.04.02	09:08:36.334			5245.0	10.00000000
2020.04.02	09:08:37.837			5244.5	5.00000000
2020.04.02	09:08:37.862			5245.0	5.00000000
2020.04.02	09:08:38.650			5245.0	5.00000000
2020.04.02	09:08:42.258		5245.5		
2020.04.02	09:08:42.258	5245.0			
2020.04.02	09:08:42.261		5246.0		
2020.04.02	09:08:42.326			5245.0	180.00000000
2020.04.02	09:08:42.326			5245.0	5.00000000
2020.04.02	09:08:42.330			5245.5	5.00000000
2020.04.02	09:08:42.330			5246.0	5.00000000
2020.04.02	09:08:42.330			5246.0	5.00000000
2020.04.02	09:08:42.356			5246.0	5.00000000
2020.04.02	09:08:42.479			5245.0	20.00000000
2020.04.02	09:08:42.479			5245.0	5.00000000
2020.04.02	09:08:42.479			5245.0	5.00000000
2020.04.02	09:08:42.479			5245.0	5.00000000
2020.04.02	09:08:42.479			5245.0	5.00000000
2020.04.02	09:08:42.479			5245.0	5.00000000
2020.04.02	09:08:42.479			5245.0	5.00000000
2020.04.02	09:08:42.509			5244.5	5.00000000
2020.04.02	09:08:42.639	5244.5			
2020.04.02	09:08:42.640	5245.0			
2020.04.02	09:08:42.644		5245.5		
2020.04.02	09:08:42.644	5244.5			
2020.04.02	09:08:43.771	5245.0			
2020.04.02	09:08:43.771		5246.0		
2020.04.02	09:08:46.814		5245.5		
2020.04.02	09:08:47.079			5245.5	5.00000000
2020.04.02	09:08:47.079			5245.5	5.00000000
2020.04.02	09:08:47.079			5245.5	5.00000000
2020.04.02	09:08:47.195		5246.0		
2020.04.02	09:08:47.198		5245.5		
2020.04.02	09:08:47.491			5245.5	5.00000000
2020.04.02	09:08:47.703			5245.0	30.00000000
2020.04.02	09:08:47.705			5245.0	10.00000000
2020.04.02	09:08:47.709			5245.0	5.00000000
2020.04.02	09:08:47.710			5245.0	5.00000000
2020.04.02	09:08:47.956	5244.5			
2020.04.02	09:08:47.956		5245.0		
2020.04.02	09:08:49.991			5245.0	5.00000000
2020.04.02	09:08:49.997			5245.0	5.00000000
2020.04.02	09:08:50.234		5245.5		
2020.04.02	09:08:50.237		5245.0		
2020.04.02	09:08:51.878			5245.0	5.00000000
2020.04.02	09:08:52.437			5245.0	5.00000000
2020.04.02	09:08:52.438			5245.0	10.00000000
2020.04.02	09:08:52.516		5245.5		
2020.04.02	09:08:52.516	5245.0			
2020.04.02	09:08:52.624			5245.0	5.00000000
2020.04.02	09:08:52.891	5244.5			
2020.04.02	09:08:55.563	5243.5			
2020.04.02	09:08:55.563		5244.0		
2020.04.02	09:08:55.570	5243.0			
2020.04.02	09:08:55.596			5244.5	5.00000000
2020.04.02	09:08:55.596			5244.5	5.00000000
2020.04.02	09:08:55.596			5244.5	10.00000000
2020.04.02	09:08:55.596			5244.0	5.00000000
2020.04.02	09:08:55.596			5244.0	5.00000000
2020.04.02	09:08:55.596			5244.0	5.00000000
2020.04.02	09:08:55.596			5244.0	5.00000000
2020.04.02	09:08:55.596			5244.0	5.00000000
2020.04.02	09:08:55.596			5244.0	5.00000000
2020.04.02	09:08:55.596			5244.0	5.00000000
2020.04.02	09:08:55.596			5244.0	5.00000000
2020.04.02	09:08:55.935		5243.5		
2020.04.02	09:08:57.079		5244.0		
2020.04.02	09:08:57.079	5242.5			
2020.04.02	09:08:57.080		5243.5		
2020.04.02	09:08:57.081	5243.0			
2020.04.02	09:08:57.140			5243.5	5.00000000
2020.04.02	09:08:57.140			5243.0	5.00000000
2020.04.02	09:08:57.140			5243.0	5.00000000
2020.04.02	09:08:57.836	5242.5			
2020.04.02	09:08:58.596	5243.0			
2020.04.02	09:08:58.601	5242.5			
2020.04.02	09:08:58.666			5243.0	5.00000000
2020.04.02	09:09:00.117	5242.5			
2020.04.02	09:09:00.626			5243.5	5.00000000
2020.04.02	09:09:00.663			5243.5	5.00000000
2020.04.02	09:09:00.750			5243.5	5.00000000
2020.04.02	09:09:00.870			5243.5	5.00000000
2020.04.02	09:09:00.870			5243.0	5.00000000
2020.04.02	09:09:00.870			5243.0	5.00000000
2020.04.02	09:09:00.870			5243.0	5.00000000
2020.04.02	09:09:00.870			5242.5	5.00000000
2020.04.02	09:09:00.870			5242.5	5.00000000
2020.04.02	09:09:00.870			5242.5	5.00000000
2020.04.02	09:09:00.870			5242.5	5.00000000
2020.04.02	09:09:00.870			5242.5	5.00000000
2020.04.02	09:09:00.870			5242.0	5.00000000
2020.04.02	09:09:00.870			5242.0	10.00000000
2020.04.02	09:09:00.870			5242.0	5.00000000
2020.04.02	09:09:00.870			5242.0	5.00000000
2020.04.02	09:09:00.870			5242.0	5.00000000
2020.04.02	09:09:00.870			5242.0	5.00000000
2020.04.02	09:09:00.870			5242.0	5.00000000
2020.04.02	09:09:00.870			5242.0	5.00000000
2020.04.02	09:09:00.870			5242.0	5.00000000
2020.04.02	09:09:00.870			5241.5	5.00000000
2020.04.02	09:09:00.876			5242.0	5.00000000
2020.04.02	09:09:00.885			5242.5	5.00000000
2020.04.02	09:09:00.886			5242.5	5.00000000
2020.04.02	09:09:00.887			5242.5	5.00000000
2020.04.02	09:09:00.888			5242.0	5.00000000
2020.04.02	09:09:00.888			5242.5	5.00000000
2020.04.02	09:09:00.890		5244.0		
2020.04.02	09:09:00.890	5243.0			
2020.04.02	09:09:00.896	5243.5			
2020.04.02	09:09:00.898	5241.5			
2020.04.02	09:09:00.898		5242.0		
2020.04.02	09:09:00.900		5242.5		
2020.04.02	09:09:00.904	5242.0			
2020.04.02	09:09:00.910			5242.5	5.00000000
2020.04.02	09:09:00.946			5242.5	5.00000000
2020.04.02	09:09:00.952			5242.5	5.00000000
2020.04.02	09:09:00.982			5242.5	5.00000000
2020.04.02	09:09:00.983			5242.5	5.00000000
2020.04.02	09:09:00.984			5242.5	20.00000000
2020.04.02	09:09:01.027			5243.0	5.00000000
2020.04.02	09:09:01.063			5243.5	5.00000000
2020.04.02	09:09:01.099			5243.5	5.00000000
2020.04.02	09:09:01.143			5243.5	5.00000000
2020.04.02	09:09:01.171			5243.5	5.00000000
2020.04.02	09:09:01.225			5243.5	5.00000000
2020.04.02	09:09:01.264			5243.5	5.00000000
2020.04.02	09:09:01.264		5243.0		
2020.04.02	09:09:01.271		5243.5		
2020.04.02	09:09:01.272		5244.0		
2020.04.02	09:09:01.276	5243.0			
2020.04.02	09:09:01.282	5243.5			
2020.04.02	09:09:01.317			5243.5	5.00000000
2020.04.02	09:09:04.985			5243.5	5.00000000
2020.04.02	09:09:04.987			5243.5	10.00000000
2020.04.02	09:09:04.988			5243.5	5.00000000
2020.04.02	09:09:05.059		5244.5		
2020.04.02	09:09:05.063	5243.0			
2020.04.02	09:09:05.063		5243.5		
2020.04.02	09:09:05.065		5244.5		
2020.04.02	09:09:05.065	5243.5			
2020.04.02	09:09:05.567			5244.0	5.00000000
2020.04.02	09:09:05.590			5244.5	5.00000000
2020.04.02	09:09:06.204	5243.0			
2020.04.02	09:09:06.204		5243.5		
2020.04.02	09:09:06.206			5243.5	5.00000000
2020.04.02	09:09:06.209			5243.5	5.00000000
2020.04.02	09:09:06.209			5243.5	5.00000000
2020.04.02	09:09:06.272			5243.5	5.00000000
2020.04.02	09:09:08.256			5243.0	5.00000000
2020.04.02	09:09:08.256			5242.5	10.00000000
2020.04.02	09:09:08.256			5242.0	5.00000000
2020.04.02	09:09:08.256			5242.0	5.00000000
2020.04.02	09:09:08.256			5242.0	5.00000000
2020.04.02	09:09:08.256			5242.0	5.00000000
2020.04.02	09:09:08.256			5242.0	5.00000000
2020.04.02	09:09:08.256			5241.5	5.00000000
2020.04.02	09:09:08.256			5241.5	5.00000000
2020.04.02	09:09:08.256			5241.5	5.00000000
2020.04.02	09:09:08.256			5241.5	5.00000000
2020.04.02	09:09:08.256			5241.5	5.00000000
2020.04.02	09:09:08.256			5241.5	5.00000000
2020.04.02	09:09:08.256			5241.5	5.00000000
2020.04.02	09:09:08.256			5241.5	5.00000000
2020.04.02	09:09:08.256			5241.0	5.00000000
2020.04.02	09:09:08.256			5241.0	5.00000000
2020.04.02	09:09:08.256			5241.0	5.00000000
2020.04.02	09:09:08.256			5241.0	5.00000000
2020.04.02	09:09:08.256			5241.0	5.00000000
2020.04.02	09:09:08.256			5241.0	5.00000000
2020.04.02	09:09:08.256			5241.0	5.00000000
2020.04.02	09:09:08.256			5241.0	5.00000000
2020.04.02	09:09:08.256			5240.5	10.00000000
2020.04.02	09:09:08.256			5240.5	50.00000000
2020.04.02	09:09:08.256			5240.5	5.00000000
2020.04.02	09:09:08.256			5240.5	10.00000000
2020.04.02	09:09:08.256			5240.5	5.00000000
2020.04.02	09:09:08.256			5240.5	5.00000000
2020.04.02	09:09:08.256			5240.0	5.00000000
2020.04.02	09:09:08.256			5240.0	5.00000000
2020.04.02	09:09:08.256			5240.0	5.00000000
2020.04.02	09:09:08.256			5240.0	5.00000000
2020.04.02	09:09:08.256			5240.0	10.00000000
2020.04.02	09:09:08.256			5240.0	5.00000000
2020.04.02	09:09:08.256			5240.0	5.00000000
2020.04.02	09:09:08.256			5239.5	5.00000000
2020.04.02	09:09:08.274			5240.0	5.00000000
2020.04.02	09:09:08.275			5240.0	35.00000000
2020.04.02	09:09:08.280			5240.0	5.00000000
2020.04.02	09:09:08.285			5240.0	5.00000000
2020.04.02	09:09:08.285			5240.0	5.00000000
2020.04.02	09:09:08.285			5240.0	15.00000000
2020.04.02	09:09:08.285			5240.0	55.00000000
2020.04.02	09:09:08.285			5240.0	25.00000000
2020.04.02	09:09:08.286			5240.0	5.00000000
2020.04.02	09:09:08.286			5240.0	10.00000000
2020.04.02	09:09:08.287			5240.0	5.00000000
2020.04.02	09:09:08.290			5240.0	15.00000000
2020.04.02	09:09:08.293			5239.5	5.00000000
2020.04.02	09:09:08.301			5239.5	5.00000000
2020.04.02	09:09:08.302			5239.0	5.00000000
2020.04.02	09:09:08.356			5239.0	5.00000000
2020.04.02	09:09:08.357			5239.0	5.00000000
2020.04.02	09:09:08.532	5239.5			
2020.04.02	09:09:08.532		5240.0		
2020.04.02	09:09:08.545		5240.5		
2020.04.02	09:09:08.548		5240.0		
2020.04.02	09:09:08.560	5239.0			
2020.04.02	09:09:08.564		5239.5		
2020.04.02	09:09:08.570	5238.5			
2020.04.02	09:09:08.577		5239.0		
2020.04.02	09:09:08.603			5239.0	5.00000000
2020.04.02	09:09:08.603			5239.0	5.00000000
2020.04.02	09:09:08.607			5239.5	5.00000000
2020.04.02	09:09:08.610			5239.5	5.00000000
2020.04.02	09:09:08.676			5240.0	20.00000000
2020.04.02	09:09:08.865		5239.5		
2020.04.02	09:09:08.867	5239.0			
2020.04.02	09:09:08.878		5240.0		
2020.04.02	09:09:09.629	5239.5			
2020.04.02	09:09:09.687			5240.0	10.00000000
2020.04.02	09:09:09.780			5240.0	5.00000000
2020.04.02	09:09:09.787			5240.0	5.00000000
2020.04.02	09:09:09.827			5240.0	5.00000000
2020.04.02	09:09:09.853			5240.0	25.00000000
2020.04.02	09:09:09.855			5240.5	5.00000000
2020.04.02	09:09:09.855			5241.0	5.00000000
2020.04.02	09:09:09.860			5241.0	5.00000000
2020.04.02	09:09:09.864			5241.0	5.00000000
2020.04.02	09:09:09.872			5241.5	5.00000000
2020.04.02	09:09:09.940			5241.5	5.00000000
2020.04.02	09:09:09.971			5241.5	5.00000000
2020.04.02	09:09:10.001			5241.5	5.00000000
2020.04.02	09:09:10.020		5240.5		
2020.04.02	09:09:10.020	5240.0			
2020.04.02	09:09:10.020		5241.0		
2020.04.02	09:09:10.021	5240.5			
2020.04.02	09:09:10.029		5241.5		
2020.04.02	09:09:10.031		5242.0		
2020.04.02	09:09:10.033		5241.5		
2020.04.02	09:09:10.037		5242.0		
2020.04.02	09:09:10.070			5242.0	5.00000000
2020.04.02	09:09:10.110			5242.0	5.00000000
2020.04.02	09:09:10.180			5242.5	5.00000000
2020.04.02	09:09:10.216			5242.5	5.00000000
2020.04.02	09:09:10.286			5242.0	5.00000000
2020.04.02	09:09:10.326			5242.5	5.00000000
2020.04.02	09:09:10.371			5242.5	5.00000000
2020.04.02	09:09:10.390		5242.5		
2020.04.02	09:09:10.394	5241.0			
2020.04.02	09:09:10.396	5241.5			
2020.04.02	09:09:10.405		5242.0		
2020.04.02	09:09:10.406		5242.5		
2020.04.02	09:09:10.413		5243.0		
2020.04.02	09:09:10.419			5242.5	5.00000000
2020.04.02	09:09:10.458			5242.5	5.00000000
2020.04.02	09:09:10.554			5242.5	5.00000000
2020.04.02	09:09:10.610			5242.5	5.00000000
2020.04.02	09:09:10.655			5242.5	5.00000000
2020.04.02	09:09:10.692			5242.5	5.00000000
2020.04.02	09:09:10.744			5242.5	5.00000000
2020.04.02	09:09:10.765		5242.5		
2020.04.02	09:09:10.768		5243.0		
2020.04.02	09:09:11.520		5242.5		
2020.04.02	09:09:12.661		5242.0		
2020.04.02	09:09:12.661	5241.0			
2020.04.02	09:09:12.662	5241.5			
2020.04.02	09:09:12.663		5242.5		
2020.04.02	09:09:12.921			5241.5	5.00000000
2020.04.02	09:09:13.042	5241.0			
2020.04.02	09:09:13.042		5241.5		
2020.04.02	09:09:13.419	5240.5			
2020.04.02	09:09:13.498			5240.5	5.00000000
2020.04.02	09:09:14.543			5240.5	5.00000000
2020.04.02	09:09:14.564			5241.5	5.00000000
2020.04.02	09:09:16.318			5240.5	5.00000000
2020.04.02	09:09:16.458		5241.0		
2020.04.02	09:09:16.463	5240.0			
2020.04.02	09:09:16.559			5241.0	5.00000000
2020.04.02	09:09:16.843		5241.5		
2020.04.02	09:09:16.844		5241.0		
2020.04.02	09:09:16.844	5240.5			
2020.04.02	09:09:16.845		5241.5		
2020.04.02	09:09:16.848		5241.0		
2020.04.02	09:09:17.219	5240.0			
2020.04.02	09:09:17.221		5241.5		
2020.04.02	09:09:17.221		5240.5		
2020.04.02	09:09:17.228		5241.0		
2020.04.02	09:09:18.866			5240.0	30.00000000
2020.04.02	09:09:19.016			5240.0	15.00000000
2020.04.02	09:09:19.018			5240.0	5.00000000
2020.04.02	09:09:19.121		5240.5		
2020.04.02	09:09:19.130			5240.5	5.00000000
2020.04.02	09:09:19.130			5240.5	5.00000000
2020.04.02	09:09:19.286			5240.5	5.00000000
2020.04.02	09:09:19.508		5241.0		
2020.04.02	09:09:19.516		5240.5		
2020.04.02	09:09:20.207			5240.5	10.00000000
2020.04.02	09:09:20.207			5240.5	5.00000000
2020.04.02	09:09:20.208			5240.5	5.00000000
2020.04.02	09:09:20.210			5240.5	5.00000000
2020.04.02	09:09:20.272		5241.0		
2020.04.02	09:09:20.272	5240.5			
2020.04.02	09:09:20.272		5241.5		
2020.04.02	09:09:20.717			5241.0	5.00000000
2020.04.02	09:09:21.892			5240.5	5.00000000
2020.04.02	09:09:21.892			5240.5	5.00000000
2020.04.02	09:09:21.892			5240.5	5.00000000
2020.04.02	09:09:21.892			5240.0	25.00000000
2020.04.02	09:09:22.161	5240.0			
2020.04.02	09:09:22.161	5240.5			
2020.04.02	09:09:22.161		5241.0		
2020.04.02	09:09:22.163		5241.5		
2020.04.02	09:09:22.491			5240.5	5.00000000
2020.04.02	09:09:22.491			5240.0	5.00000000
2020.04.02	09:09:22.491			5240.0	20.00000000
2020.04.02	09:09:22.546	5240.0			
2020.04.02	09:09:22.548	5240.5			
2020.04.02	09:09:22.919	5241.0			
2020.04.02	09:09:23.294			5241.0	10.00000000
2020.04.02	09:09:23.303	5240.5			
2020.04.02	09:09:23.303		5241.0		
2020.04.02	09:09:23.857			5240.5	5.00000000
2020.04.02	09:09:24.060	5240.0			
2020.04.02	09:09:24.443	5240.5			
2020.04.02	09:09:24.826		5241.5		
2020.04.02	09:09:24.899			5241.0	10.00000000
2020.04.02	09:09:25.586	5241.0			
2020.04.02	09:09:25.609			5241.5	5.00000000
2020.04.02	09:09:26.670			5241.0	15.00000000
2020.04.02	09:09:27.052			5241.5	5.00000000
2020.04.02	09:09:27.822			5241.0	25.00000000
2020.04.02	09:09:27.864	5240.5			
2020.04.02	09:09:27.864		5241.0		
2020.04.02	09:09:28.129			5241.0	5.00000000
2020.04.02	09:09:31.273			5241.0	10.00000000
2020.04.02	09:09:31.285		5241.5		
2020.04.02	09:09:31.285	5241.0			
2020.04.02	09:09:34.297			5241.0	30.00000000
2020.04.02	09:09:34.323	5240.5			
2020.04.02	09:09:34.323		5241.0		
2020.04.02	09:09:35.042			5241.0	5.00000000
2020.04.02	09:09:35.253			5241.0	5.00000000
2020.04.02	09:09:35.580			5241.0	5.00000000
2020.04.02	09:09:35.982			5241.0	5.00000000
2020.04.02	09:09:36.222		5241.5		
2020.04.02	09:09:37.361	5241.0			
2020.04.02	09:09:38.118			5241.0	5.00000000
2020.04.02	09:09:38.118			5240.5	5.00000000
2020.04.02	09:09:38.118			5240.5	5.00000000
2020.04.02	09:09:38.118			5240.5	5.00000000
2020.04.02	09:09:38.118			5240.5	5.00000000
2020.04.02	09:09:38.123			5240.5	15.00000000
2020.04.02	09:09:38.124			5240.5	5.00000000
2020.04.02	09:09:38.126	5240.0			
2020.04.02	09:09:38.126		5240.5		
2020.04.02	09:09:38.129			5240.5	5.00000000
2020.04.02	09:09:38.130		5241.5		
2020.04.02	09:09:38.505	5240.5			
2020.04.02	09:09:39.863			5241.0	5.00000000
2020.04.02	09:09:40.790	5241.0			
2020.04.02	09:09:41.162	5240.5			
2020.04.02	09:09:43.448			5241.5	5.00000000
2020.04.02	09:09:47.947			5240.5	5.00000000
2020.04.02	09:09:47.947			5240.5	5.00000000
2020.04.02	09:09:47.947			5240.5	5.00000000
2020.04.02	09:09:48.005	5240.0			
2020.04.02	09:09:48.005		5240.5		
2020.04.02	09:09:48.195			5240.5	5.00000000
2020.04.02	09:09:48.952			5240.0	5.00000000
2020.04.02	09:09:52.619			5240.0	10.00000000
2020.04.02	09:09:54.089		5241.5		
2020.04.02	09:09:54.090	5240.5			
2020.04.02	09:09:54.158			5240.5	5.00000000
2020.04.02	09:09:54.159			5240.5	5.00000000
2020.04.02	09:09:54.160			5240.5	5.00000000
2020.04.02	09:09:56.746		5241.0		
2020.04.02	09:09:59.788		5241.5		
2020.04.02	09:09:59.788		5241.0		
2020.04.02	09:10:00.164	5240.5			
2020.04.02	09:10:00.548		5241.5		
2020.04.02	09:10:01.305	5241.0			
2020.04.02	09:10:04.656			5241.0	5.00000000
2020.04.02	09:10:04.713			5241.0	5.00000000
2020.04.02	09:10:04.731		5242.0		
2020.04.02	09:10:04.731		5242.5		
2020.04.02	09:10:04.731		5241.5		
2020.04.02	09:10:04.735	5240.5			
2020.04.02	09:10:04.757			5241.0	5.00000000
2020.04.02	09:10:04.811			5241.0	5.00000000
2020.04.02	09:10:05.103		5241.0		
2020.04.02	09:10:07.648			5241.0	5.00000000
2020.04.02	09:10:07.763		5241.5		
2020.04.02	09:10:07.777		5241.0		
2020.04.02	09:10:07.798			5241.0	5.00000000
2020.04.02	09:10:07.976			5241.0	5.00000000
2020.04.02	09:10:07.976			5241.5	5.00000000
2020.04.02	09:10:07.976			5241.5	5.00000000
2020.04.02	09:10:07.981			5241.5	5.00000000
2020.04.02	09:10:07.981			5241.5	5.00000000
2020.04.02	09:10:07.982			5241.5	5.00000000
2020.04.02	09:10:07.982			5241.5	10.00000000
2020.04.02	09:10:07.984			5241.5	10.00000000
2020.04.02	09:10:07.985			5241.0	5.00000000
2020.04.02	09:10:08.034			5241.0	5.00000000
2020.04.02	09:10:08.087			5241.0	5.00000000
2020.04.02	09:10:08.148			5241.0	5.00000000
2020.04.02	09:10:08.155		5242.0		
2020.04.02	09:10:08.155	5241.5			
2020.04.02	09:10:08.158	5241.0			
2020.04.02	09:10:08.160		5242.5		
2020.04.02	09:10:08.160		5242.0		
2020.04.02	09:10:08.164	5240.5			
2020.04.02	09:10:08.164	5241.0			
2020.04.02	09:10:08.175	5240.5			
2020.04.02	09:10:08.178		5241.5		
2020.04.02	09:10:08.182			5241.0	5.00000000
2020.04.02	09:10:08.238			5241.0	5.00000000
2020.04.02	09:10:08.525		5241.0		
2020.04.02	09:10:10.808	5240.0			
2020.04.02	09:10:11.017			5241.0	5.00000000
2020.04.02	09:10:11.022			5241.0	5.00000000
2020.04.02	09:10:11.022			5241.0	5.00000000
2020.04.02	09:10:11.188		5241.5		
2020.04.02	09:10:11.188	5241.0			
2020.04.02	09:10:11.189	5240.5			
2020.04.02	09:10:11.191		5241.0		
2020.04.02	09:10:13.849	5240.0			
2020.04.02	09:10:13.849		5240.5		
2020.04.02	09:10:13.850		5241.0		
2020.04.02	09:10:13.907			5240.5	5.00000000
2020.04.02	09:10:13.908			5240.5	10.00000000
2020.04.02	09:10:15.370	5240.5			
2020.04.02	09:10:16.037			5240.5	5.00000000
2020.04.02	09:10:16.037			5240.5	5.00000000
2020.04.02	09:10:16.037			5240.0	65.00000000
2020.04.02	09:10:16.037			5240.0	5.00000000
2020.04.02	09:10:16.037			5240.0	5.00000000
2020.04.02	09:10:16.037			5240.0	5.00000000
2020.04.02	09:10:16.037			5240.0	5.00000000
2020.04.02	09:10:16.037			5239.5	5.00000000
2020.04.02	09:10:16.037			5239.5	5.00000000
2020.04.02	09:10:16.037			5239.5	5.00000000
2020.04.02	09:10:16.037			5239.5	5.00000000
2020.04.02	09:10:16.044			5239.5	5.00000000
2020.04.02	09:10:16.046			5239.5	5.00000000
2020.04.02	09:10:16.046			5239.5	5.00000000
2020.04.02	09:10:16.138	5239.0			
2020.04.02	09:10:16.138		5239.5		
2020.04.02	09:10:16.160	5238.5			
2020.04.02	09:10:16.187			5239.0	5.00000000
2020.04.02	09:10:16.187			5239.0	5.00000000
2020.04.02	09:10:16.498			5238.5	5.00000000
2020.04.02	09:10:16.517		5239.0		
2020.04.02	09:10:16.521	5238.0			
2020.04.02	09:10:16.521		5238.5		
2020.04.02	09:10:16.763			5238.0	5.00000000
2020.04.02	09:10:16.889	5237.5			
2020.04.02	09:10:17.007			5237.5	5.00000000
2020.04.02	09:10:17.007			5237.5	5.00000000
2020.04.02	09:10:17.007			5237.5	5.00000000
2020.04.02	09:10:17.012			5237.5	5.00000000
2020.04.02	09:10:17.012			5237.5	5.00000000
2020.04.02	09:10:17.021			5237.5	5.00000000
2020.04.02	09:10:17.021			5237.5	30.00000000
2020.04.02	09:10:17.021			5237.5	5.00000000
2020.04.02	09:10:17.021			5237.5	5.00000000
2020.04.02	09:10:17.275	5237.0			
2020.04.02	09:10:17.275		5237.5		
2020.04.02	09:10:17.282		5238.0		
2020.04.02	09:10:17.285	5237.5			
2020.04.02	09:10:17.287		5238.5		
2020.04.02	09:10:18.384			5238.5	5.00000000
2020.04.02	09:10:18.387			5238.5	5.00000000
2020.04.02	09:10:18.387			5238.0	5.00000000
2020.04.02	09:10:18.387			5238.5	5.00000000
2020.04.02	09:10:18.388			5238.5	5.00000000
2020.04.02	09:10:18.416	5238.0			
2020.04.02	09:10:19.170	5237.5			
2020.04.02	09:10:19.594			5237.5	5.00000000
2020.04.02	09:10:20.313	5238.0			
2020.04.02	09:10:20.316	5237.5			
2020.04.02	09:10:20.538			5238.0	5.00000000
2020.04.02	09:10:20.691		5238.0		
2020.04.02	09:10:21.310			5238.0	5.00000000
2020.04.02	09:10:21.449		5238.5		
2020.04.02	09:10:21.833	5238.0			
2020.04.02	09:10:21.833		5239.0		
2020.04.02	09:10:21.910			5238.5	10.00000000
2020.04.02	09:10:22.206			5238.0	5.00000000
2020.04.02	09:10:22.206			5237.5	5.00000000
2020.04.02	09:10:22.211	5237.5			
2020.04.02	09:10:22.213		5238.5		
2020.04.02	09:10:23.347		5238.0		
2020.04.02	09:10:25.233			5237.5	5.00000000
2020.04.02	09:10:25.233			5237.5	5.00000000
2020.04.02	09:10:26.767		5238.5		
2020.04.02	09:10:26.767		5238.0		
2020.04.02	09:10:27.908		5238.5		
2020.04.02	09:10:27.912	5238.0			
2020.04.02	09:10:28.293	5237.5			
2020.04.02	09:10:28.295		5238.0		
2020.04.02	09:10:28.358			5238.0	10.00000000
2020.04.02	09:10:31.522			5237.5	5.00000000
2020.04.02	09:10:31.522			5237.5	5.00000000
2020.04.02	09:10:31.522			5237.5	5.00000000
2020.04.02	09:10:31.710	5237.0			
2020.04.02	09:10:31.711		5237.5		
2020.04.02	09:10:39.921			5237.0	5.00000000
2020.04.02	09:10:39.961			5237.0	5.00000000
2020.04.02	09:10:39.962			5237.0	5.00000000
2020.04.02	09:10:40.011	5236.5			
2020.04.02	09:10:40.013		5237.0		
2020.04.02	09:10:44.644			5237.0	5.00000000
2020.04.02	09:10:44.647			5237.0	5.00000000
2020.04.02	09:10:45.524			5237.0	5.00000000
2020.04.02	09:10:45.525			5237.0	5.00000000
2020.04.02	09:10:45.526			5237.0	5.00000000
2020.04.02	09:10:45.531			5237.0	5.00000000
2020.04.02	09:10:45.774		5237.5		
2020.04.02	09:10:45.775		5237.0		
2020.04.02	09:10:47.420			5237.0	5.00000000
2020.04.02	09:10:47.674		5237.5		
2020.04.02	09:10:47.674		5237.0		
2020.04.02	09:10:49.579		5237.5		
2020.04.02	09:10:49.579		5237.0		
2020.04.02	09:10:49.593			5237.0	5.00000000
2020.04.02	09:10:50.336		5237.5		
2020.04.02	09:10:50.339		5237.0		
2020.04.02	09:10:50.395			5237.0	5.00000000
2020.04.02	09:10:50.990			5236.5	5.00000000
2020.04.02	09:10:50.990			5236.5	5.00000000
2020.04.02	09:10:50.990			5236.5	5.00000000
2020.04.02	09:10:54.404			5237.0	5.00000000
2020.04.02	09:10:54.522		5237.5		
2020.04.02	09:10:54.522		5237.0		
2020.04.02	09:10:56.804		5237.5		
2020.04.02	09:10:56.804		5237.0		
2020.04.02	09:10:56.844			5237.0	5.00000000
2020.04.02	09:10:57.941		5237.5		
2020.04.02	09:10:57.941		5237.0		
2020.04.02	09:10:58.024			5237.0	5.00000000
2020.04.02	09:10:58.668		5237.5		
2020.04.02	09:10:58.668		5237.0		
2020.04.02	09:10:58.731			5237.0	5.00000000
2020.04.02	09:10:58.731			5237.0	5.00000000
2020.04.02	09:10:59.988			5237.0	5.00000000
2020.04.02	09:11:00.218	5236.5	5237.5		
2020.04.02	09:11:00.218		5238.0		
2020.04.02	09:11:00.218		5237.0		
2020.04.02	09:11:01.994			5237.0	5.00000000
2020.04.02	09:11:02.000			5237.0	5.00000000
2020.04.02	09:11:02.128		5237.5		
2020.04.02	09:11:02.129		5238.0		
2020.04.02	09:11:02.134		5237.0		
2020.04.02	09:11:03.447			5237.0	5.00000000
2020.04.02	09:11:03.452			5237.0	5.00000000
2020.04.02	09:11:03.640		5237.5		
2020.04.02	09:11:03.640		5238.0		
2020.04.02	09:11:03.640	5237.0			
2020.04.02	09:11:03.642	5236.5			
2020.04.02	09:11:03.642	5237.0			
2020.04.02	09:11:03.764			5237.0	5.00000000
2020.04.02	09:11:04.021	5236.5			
2020.04.02	09:11:04.023		5237.5		
2020.04.02	09:11:04.078			5237.0	5.00000000
2020.04.02	09:11:04.132			5237.0	5.00000000
2020.04.02	09:11:04.254			5237.0	5.00000000
2020.04.02	09:11:04.401		5238.0		
2020.04.02	09:11:04.401		5237.0		
2020.04.02	09:11:08.584		5237.5		
2020.04.02	09:11:08.589		5238.0		
2020.04.02	09:11:08.589		5237.0		
2020.04.02	09:11:08.601			5237.0	5.00000000
2020.04.02	09:11:08.964		5238.0		
2020.04.02	09:11:08.966		5237.0		
2020.04.02	09:11:09.005			5237.0	5.00000000
2020.04.02	09:11:09.008			5237.0	5.00000000
2020.04.02	09:11:11.918			5237.0	5.00000000
2020.04.02	09:11:11.923			5237.0	5.00000000
2020.04.02	09:11:12.003			5237.0	5.00000000
2020.04.02	09:11:12.005		5237.5		
2020.04.02	09:11:12.007		5238.0		
2020.04.02	09:11:12.011		5237.0		
2020.04.02	09:11:12.766		5237.5		
2020.04.02	09:11:12.766		5238.0		
2020.04.02	09:11:12.774		5237.0		
2020.04.02	09:11:12.867			5237.0	5.00000000
2020.04.02	09:11:13.908	5236.0			
2020.04.02	09:11:13.908		5236.5		
2020.04.02	09:11:13.908		5237.0		
2020.04.02	09:11:14.001			5236.5	5.00000000
2020.04.02	09:11:14.001			5236.5	5.00000000
2020.04.02	09:11:14.001			5236.5	5.00000000
2020.04.02	09:11:14.001			5236.5	5.00000000
2020.04.02	09:11:14.001			5236.5	5.00000000
2020.04.02	09:11:14.005			5236.5	5.00000000
2020.04.02	09:11:14.436			5236.0	100.00000000
2020.04.02	09:11:14.450			5236.0	5.00000000
2020.04.02	09:11:14.450			5236.0	5.00000000
2020.04.02	09:11:14.450			5236.0	20.00000000
2020.04.02	09:11:14.450			5236.0	5.00000000
2020.04.02	09:11:14.468			5235.5	5.00000000
2020.04.02	09:11:14.468			5235.0	5.00000000
2020.04.02	09:11:14.468			5235.0	5.00000000
2020.04.02	09:11:14.473			5235.5	5.00000000
2020.04.02	09:11:14.478			5235.5	5.00000000
2020.04.02	09:11:14.679			5236.0	5.00000000
2020.04.02	09:11:14.681		5236.5		
2020.04.02	09:11:14.682	5235.5			
2020.04.02	09:11:14.682		5236.0		
2020.04.02	09:11:14.688	5235.0			
2020.04.02	09:11:14.690		5235.5		
2020.04.02	09:11:14.695		5236.0		
2020.04.02	09:11:14.706	5235.5			
2020.04.02	09:11:14.706		5236.5		
2020.04.02	09:11:15.625			5236.0	5.00000000
2020.04.02	09:11:15.803		5236.0		
2020.04.02	09:11:16.946	5235.0			
2020.04.02	09:11:18.090	5235.5			
2020.04.02	09:11:18.276			5236.0	5.00000000
2020.04.02	09:11:18.466		5236.5		
2020.04.02	09:11:22.651	5236.0			
2020.04.02	09:11:23.795	5235.0			
2020.04.02	09:11:23.795		5235.5		
2020.04.02	09:11:23.797		5236.0		
2020.04.02	09:11:23.799	5235.5			
2020.04.02	09:11:23.799	5235.0			
2020.04.02	09:11:23.841			5236.0	5.00000000
2020.04.02	09:11:23.841			5236.0	5.00000000
2020.04.02	09:11:23.841			5235.5	5.00000000
2020.04.02	09:11:23.841			5235.5	5.00000000
2020.04.02	09:11:23.841			5235.5	5.00000000
2020.04.02	09:11:23.841			5235.5	5.00000000
2020.04.02	09:11:23.842			5235.5	5.00000000
2020.04.02	09:11:23.843			5235.5	5.00000000
2020.04.02	09:11:23.845			5235.5	10.00000000
2020.04.02	09:11:25.469			5235.5	5.00000000
2020.04.02	09:11:25.790			5235.5	5.00000000
2020.04.02	09:11:29.111		5235.5		
2020.04.02	09:11:33.947			5235.0	15.00000000
2020.04.02	09:11:33.947			5235.0	5.00000000
2020.04.02	09:11:33.947			5235.0	5.00000000
2020.04.02	09:11:33.947			5235.0	5.00000000
2020.04.02	09:11:33.947			5234.5	5.00000000
2020.04.02	09:11:33.947			5234.5	5.00000000
2020.04.02	09:11:33.947			5234.5	5.00000000
2020.04.02	09:11:34.060	5234.0			
2020.04.02	09:11:34.060		5234.5		
2020.04.02	09:11:37.307			5234.0	5.00000000
2020.04.02	09:11:37.307			5234.0	5.00000000
2020.04.02	09:11:37.313			5234.0	5.00000000
2020.04.02	09:11:37.320			5234.0	5.00000000
2020.04.02	09:11:37.323			5234.0	5.00000000
2020.04.02	09:11:37.473	5233.5			
2020.04.02	09:11:37.479	5234.0			
2020.04.02	09:11:38.721			5234.5	5.00000000
2020.04.02	09:11:40.143		5235.0		
2020.04.02	09:11:40.147	5234.5			
2020.04.02	09:11:40.194			5234.5	10.00000000
2020.04.02	09:11:40.197			5234.5	5.00000000
2020.04.02	09:11:40.198			5234.5	5.00000000
2020.04.02	09:11:40.198			5234.5	5.00000000
2020.04.02	09:11:40.202			5235.0	5.00000000
2020.04.02	09:11:41.396			5234.5	5.00000000
2020.04.02	09:11:41.653	5234.0			
2020.04.02	09:11:42.418	5234.5			
2020.04.02	09:11:44.157			5234.5	5.00000000
2020.04.02	09:11:44.310	5234.0			
2020.04.02	09:11:44.544			5235.0	5.00000000
2020.04.02	09:11:46.038			5235.0	5.00000000
2020.04.02	09:11:46.373			5234.0	5.00000000
2020.04.02	09:11:46.373			5234.0	5.00000000
2020.04.02	09:11:46.408			5235.0	5.00000000
2020.04.02	09:11:46.409			5235.0	5.00000000
2020.04.02	09:11:46.591		5234.5		
2020.04.02	09:11:46.593		5235.0		
2020.04.02	09:11:46.593	5234.5			
2020.04.02	09:11:48.290			5234.5	5.00000000
2020.04.02	09:11:48.490	5234.0			
2020.04.02	09:11:48.490		5234.5		
2020.04.02	09:11:48.748			5234.5	5.00000000
2020.04.02	09:11:48.749			5234.5	20.00000000
2020.04.02	09:11:48.751			5234.5	20.00000000
2020.04.02	09:11:48.873		5235.0		
2020.04.02	09:11:48.873	5234.5			
2020.04.02	09:11:49.253	5234.0			
2020.04.02	09:11:49.636		5234.5		
2020.04.02	09:11:50.771		5235.0		
2020.04.02	09:11:50.805			5234.5	5.00000000
2020.04.02	09:11:51.152		5234.5		
2020.04.02	09:11:51.273			5234.5	5.00000000
2020.04.02	09:11:51.529		5235.0		
2020.04.02	09:11:51.529		5234.5		
2020.04.02	09:11:51.913			5235.0	5.00000000
2020.04.02	09:11:51.913			5235.0	5.00000000
2020.04.02	09:11:51.913			5235.0	5.00000000
2020.04.02	09:11:51.917			5235.5	5.00000000
2020.04.02	09:11:51.921		5235.0		
2020.04.02	09:11:51.924		5235.5		
2020.04.02	09:11:51.924	5235.0			
2020.04.02	09:11:51.926		5236.0		
2020.04.02	09:11:51.930	5235.5			
2020.04.02	09:11:51.939	5235.0			
2020.04.02	09:11:52.224			5235.0	5.00000000
2020.04.02	09:11:53.431		5235.5		
2020.04.02	09:11:54.145			5235.0	10.00000000
2020.04.02	09:11:54.408			5235.0	70.00000000
2020.04.02	09:11:54.577	5234.5			
2020.04.02	09:11:54.577		5235.0		
2020.04.02	09:11:54.579	5234.0			
2020.04.02	09:11:55.292			5234.5	5.00000000
2020.04.02	09:11:56.098	5234.5			
2020.04.02	09:11:56.472	5234.0			
2020.04.02	09:11:57.076			5235.0	5.00000000
2020.04.02	09:11:57.076			5235.0	5.00000000
2020.04.02	09:11:57.078			5235.0	5.00000000
2020.04.02	09:11:57.081			5235.0	5.00000000
2020.04.02	09:11:57.237		5235.5		
2020.04.02	09:11:57.237	5235.0			
2020.04.02	09:11:57.241	5234.5			
2020.04.02	09:11:57.999	5235.0			
2020.04.02	09:11:59.425			5235.5	5.00000000
2020.04.02	09:11:59.425			5235.5	5.00000000
2020.04.02	09:11:59.515		5236.0		
2020.04.02	09:11:59.515		5235.5		
2020.04.02	09:12:00.271	5235.0			
2020.04.02	09:12:00.569			5235.0	5.00000000
2020.04.02	09:12:00.571			5235.0	5.00000000
2020.04.02	09:12:00.657	5234.5			
2020.04.02	09:12:00.657		5235.0		
2020.04.02	09:12:00.659		5235.5		
2020.04.02	09:12:00.661	5235.0			
2020.04.02	09:12:01.223			5235.0	5.00000000
2020.04.02	09:12:01.412	5234.5			
2020.04.02	09:12:01.415	5235.0			
2020.04.02	09:12:03.315		5236.0		
2020.04.02	09:12:04.837	5235.5			
2020.04.02	09:12:08.600			5236.0	5.00000000
2020.04.02	09:12:08.600			5236.0	5.00000000
2020.04.02	09:12:08.600			5236.0	5.00000000
2020.04.02	09:12:08.640		5236.5		
2020.04.02	09:12:08.640	5236.0			
2020.04.02	09:12:09.015		5237.0		
2020.04.02	09:12:09.396		5236.5		
2020.04.02	09:12:10.535		5237.0		
2020.04.02	09:12:10.913			5236.5	5.00000000
2020.04.02	09:12:10.915			5236.5	5.00000000
2020.04.02	09:12:10.918	5236.5			
2020.04.02	09:12:10.918	5236.0			
2020.04.02	09:12:10.922			5236.5	5.00000000
2020.04.02	09:12:11.308		5236.5		
2020.04.02	09:12:11.440			5236.5	5.00000000
2020.04.02	09:12:11.683		5237.0		
2020.04.02	09:12:12.054		5236.5		
2020.04.02	09:12:12.819		5237.0		
2020.04.02	09:12:12.819	5236.5			
2020.04.02	09:12:12.819	5236.0			
2020.04.02	09:12:12.860			5236.5	5.00000000
2020.04.02	09:12:12.880			5236.5	5.00000000
2020.04.02	09:12:12.882			5236.5	5.00000000
2020.04.02	09:12:18.516		5236.5		
2020.04.02	09:12:19.658		5237.0		
2020.04.02	09:12:19.685			5236.5	5.00000000
2020.04.02	09:12:20.365			5237.0	5.00000000
2020.04.02	09:12:20.365			5237.0	5.00000000
2020.04.02	09:12:20.365			5237.5	5.00000000
2020.04.02	09:12:20.365			5237.5	5.00000000
2020.04.02	09:12:20.365			5237.5	5.00000000
2020.04.02	09:12:20.365			5237.5	20.00000000
2020.04.02	09:12:20.365			5237.5	5.00000000
2020.04.02	09:12:20.365			5238.0	5.00000000
2020.04.02	09:12:20.365			5238.0	5.00000000
2020.04.02	09:12:20.365			5238.0	5.00000000
2020.04.02	09:12:20.365			5238.0	5.00000000
2020.04.02	09:12:20.365			5238.0	5.00000000
2020.04.02	09:12:20.365			5238.0	5.00000000
2020.04.02	09:12:20.365			5238.0	5.00000000
2020.04.02	09:12:20.365			5238.0	5.00000000
2020.04.02	09:12:20.365			5238.0	5.00000000
2020.04.02	09:12:20.365			5238.0	5.00000000
2020.04.02	09:12:20.365			5238.0	5.00000000
2020.04.02	09:12:20.365			5238.5	5.00000000
2020.04.02	09:12:20.365			5238.5	5.00000000
2020.04.02	09:12:20.365			5238.5	5.00000000
2020.04.02	09:12:20.365			5238.5	5.00000000
2020.04.02	09:12:20.365			5238.5	5.00000000
2020.04.02	09:12:20.365			5238.5	5.00000000
2020.04.02	09:12:20.365			5238.5	5.00000000
2020.04.02	09:12:20.365			5238.5	5.00000000
2020.04.02	09:12:20.365			5239.0	5.00000000
2020.04.02	09:12:20.365			5239.0	5.00000000
2020.04.02	09:12:20.365			5239.0	5.00000000
2020.04.02	09:12:20.365			5239.0	5.00000000
2020.04.02	09:12:20.365			5239.0	5.00000000
2020.04.02	09:12:20.365			5239.0	5.00000000
2020.04.02	09:12:20.365			5239.0	5.00000000
2020.04.02	09:12:20.365			5239.0	5.00000000
2020.04.02	09:12:20.365			5239.5	5.00000000
2020.04.02	09:12:20.365			5239.5	5.00000000
2020.04.02	09:12:20.365			5239.5	5.00000000
2020.04.02	09:12:20.365			5239.5	5.00000000
2020.04.02	09:12:20.365			5239.5	5.00000000
2020.04.02	09:12:20.365			5239.5	5.00000000
2020.04.02	09:12:20.365			5239.5	5.00000000
2020.04.02	09:12:20.365			5239.5	5.00000000
2020.04.02	09:12:20.365			5240.0	5.00000000
2020.04.02	09:12:20.387			5237.0	5.00000000
2020.04.02	09:12:20.398			5239.0	5.00000000
2020.04.02	09:12:20.435	5236.5			
2020.04.02	09:12:20.445		5237.5		
2020.04.02	09:12:20.445		5239.5		
2020.04.02	09:12:20.446		5240.0		
2020.04.02	09:12:20.458	5237.0			
2020.04.02	09:12:20.467			5238.5	5.00000000
2020.04.02	09:12:20.476	5237.5			
2020.04.02	09:12:20.482	5238.0			
2020.04.02	09:12:20.483		5239.5		
2020.04.02	09:12:20.483	5238.5			
2020.04.02	09:12:20.490	5238.0			
2020.04.02	09:12:20.490	5238.5			
2020.04.02	09:12:20.543			5238.5	5.00000000
2020.04.02	09:12:20.589			5237.5	5.00000000
2020.04.02	09:12:20.642			5237.5	5.00000000
2020.04.02	09:12:20.702			5237.0	5.00000000
2020.04.02	09:12:20.717			5239.5	5.00000000
2020.04.02	09:12:20.719			5239.5	5.00000000
2020.04.02	09:12:20.744			5237.5	5.00000000
2020.04.02	09:12:20.799			5237.5	5.00000000
2020.04.02	09:12:20.807	5238.0			
2020.04.02	09:12:20.812	5237.5			
2020.04.02	09:12:20.819	5237.0			
2020.04.02	09:12:20.831	5237.5			
2020.04.02	09:12:20.831		5240.0		
2020.04.02	09:12:20.833		5239.5		
2020.04.02	09:12:20.841	5237.0			
2020.04.02	09:12:20.856			5237.5	5.00000000
2020.04.02	09:12:20.917			5237.0	5.00000000
2020.04.02	09:12:20.960			5237.5	5.00000000
2020.04.02	09:12:21.007			5237.5	5.00000000
2020.04.02	09:12:21.052			5237.5	5.00000000
2020.04.02	09:12:21.086			5238.0	5.00000000
2020.04.02	09:12:21.141			5237.5	5.00000000
2020.04.02	09:12:21.181		5239.0		
2020.04.02	09:12:21.183		5238.5		
2020.04.02	09:12:21.193	5237.5			
2020.04.02	09:12:22.699	5237.0			
2020.04.02	09:12:22.945			5238.5	5.00000000
2020.04.02	09:12:22.945			5238.5	5.00000000
2020.04.02	09:12:22.945			5238.5	5.00000000
2020.04.02	09:12:22.945			5238.5	5.00000000
2020.04.02	09:12:23.080		5239.0		
2020.04.02	09:12:23.080	5237.5			
2020.04.02	09:12:24.225		5239.5		
2020.04.02	09:12:24.225	5238.0			
2020.04.02	09:12:24.235	5237.5			
2020.04.02	09:12:24.319			5239.0	5.00000000
2020.04.02	09:12:24.608	5238.0			
2020.04.02	09:12:24.986	5237.5			
2020.04.02	09:12:26.123	5238.0			
2020.04.02	09:12:27.263	5238.5			
2020.04.02	09:12:27.779			5239.5	5.00000000
2020.04.02	09:12:27.779			5239.5	5.00000000
2020.04.02	09:12:28.033	5239.0			
2020.04.02	09:12:28.033		5240.0		
2020.04.02	09:12:28.033	5239.5			
2020.04.02	09:12:28.034			5239.5	5.00000000
2020.04.02	09:12:28.039		5240.5		
2020.04.02	09:12:28.042			5240.0	5.00000000
2020.04.02	09:12:29.170		5241.0		
2020.04.02	09:12:30.170			5239.5	5.00000000
2020.04.02	09:12:30.230			5239.5	5.00000000
2020.04.02	09:12:30.303		5240.5		
2020.04.02	09:12:30.307	5239.0			
2020.04.02	09:12:32.583	5239.5			
2020.04.02	09:12:35.214			5240.0	5.00000000
2020.04.02	09:12:35.214			5240.0	15.00000000
2020.04.02	09:12:35.215			5240.0	5.00000000
2020.04.02	09:12:36.656			5239.5	5.00000000
2020.04.02	09:12:36.657			5239.5	5.00000000
2020.04.02	09:12:36.763		5240.0		
2020.04.02	09:12:36.764	5238.5			
2020.04.02	09:12:36.766		5239.5		
2020.04.02	09:12:37.140		5240.0		
2020.04.02	09:12:37.144		5239.5		
2020.04.02	09:12:37.856			5239.5	5.00000000
2020.04.02	09:12:37.900		5240.0		
2020.04.02	09:12:41.468			5238.5	5.00000000
2020.04.02	09:12:41.468			5238.5	5.00000000
2020.04.02	09:12:41.468			5238.5	10.00000000
2020.04.02	09:12:41.468			5238.0	5.00000000
2020.04.02	09:12:41.468			5238.0	5.00000000
2020.04.02	09:12:41.468			5238.0	5.00000000
2020.04.02	09:12:41.468			5238.0	5.00000000
2020.04.02	09:12:41.471			5238.0	10.00000000
2020.04.02	09:12:41.471			5238.0	5.00000000
2020.04.02	09:12:41.473			5238.0	10.00000000
2020.04.02	09:12:41.474			5238.0	10.00000000
2020.04.02	09:12:41.475			5238.0	5.00000000
2020.04.02	09:12:41.476			5237.5	5.00000000
2020.04.02	09:12:41.476			5237.5	10.00000000
2020.04.02	09:12:41.476			5237.5	5.00000000
2020.04.02	09:12:41.477			5237.5	5.00000000
2020.04.02	09:12:41.711		5239.5		
2020.04.02	09:12:41.711	5237.5			
2020.04.02	09:12:41.711		5238.0		
2020.04.02	09:12:41.713		5239.5		
2020.04.02	09:12:41.713		5238.0		
2020.04.02	09:12:41.717	5237.0			
2020.04.02	09:12:41.721		5237.5		
2020.04.02	09:12:41.723	5236.5			
2020.04.02	09:12:42.082		5238.0		
2020.04.02	09:12:43.597		5237.5		
2020.04.02	09:12:44.708			5237.5	5.00000000
2020.04.02	09:12:46.626			5236.5	5.00000000
2020.04.02	09:12:46.626			5236.5	5.00000000
2020.04.02	09:12:46.626			5236.5	5.00000000
2020.04.02	09:12:46.626			5236.5	10.00000000
2020.04.02	09:12:46.626			5236.5	5.00000000
2020.04.02	09:12:46.626			5236.0	5.00000000
2020.04.02	09:12:46.626			5236.0	20.00000000
2020.04.02	09:12:46.626			5236.0	5.00000000
2020.04.02	09:12:46.626			5236.0	5.00000000
2020.04.02	09:12:46.626			5236.0	5.00000000
2020.04.02	09:12:46.626			5236.0	5.00000000
2020.04.02	09:12:46.626			5235.5	5.00000000
2020.04.02	09:12:46.626			5235.5	5.00000000
2020.04.02	09:12:46.626			5235.5	5.00000000
2020.04.02	09:12:46.626			5235.5	5.00000000
2020.04.02	09:12:46.626			5235.5	5.00000000
2020.04.02	09:12:46.626			5235.0	10.00000000
2020.04.02	09:12:46.626			5235.0	5.00000000
2020.04.02	09:12:46.626			5235.0	10.00000000
2020.04.02	09:12:46.626			5235.0	5.00000000
2020.04.02	09:12:46.626			5235.0	5.00000000
2020.04.02	09:12:46.626			5235.0	5.00000000
2020.04.02	09:12:46.626			5235.0	5.00000000
2020.04.02	09:12:46.626			5235.0	5.00000000
2020.04.02	09:12:46.626			5235.0	5.00000000
2020.04.02	09:12:46.626			5235.0	5.00000000
2020.04.02	09:12:46.626			5235.0	5.00000000
2020.04.02	09:12:46.626			5235.0	5.00000000
2020.04.02	09:12:46.626			5235.0	5.00000000
2020.04.02	09:12:46.626			5234.5	5.00000000
2020.04.02	09:12:46.646			5235.0	5.00000000
2020.04.02	09:12:46.650			5235.0	5.00000000
2020.04.02	09:12:46.652	5234.5			
2020.04.02	09:12:46.652		5237.0		
2020.04.02	09:12:46.661		5236.5		
2020.04.02	09:12:46.662	5235.0			
2020.04.02	09:12:46.667		5236.0		
2020.04.02	09:12:46.668		5235.5		
2020.04.02	09:12:46.669	5234.5			
2020.04.02	09:12:46.680	5234.0			
2020.04.02	09:12:46.680	5234.5			
2020.04.02	09:12:46.683		5236.0		
2020.04.02	09:12:46.731			5234.5	5.00000000
2020.04.02	09:12:49.299		5235.5		
2020.04.02	09:12:50.436		5236.0		
2020.04.02	09:12:51.420			5236.0	5.00000000
2020.04.02	09:12:51.583	5235.0			
2020.04.02	09:12:51.585	5235.5			
2020.04.02	09:12:51.585		5236.5		
2020.04.02	09:12:51.586		5237.0		
2020.04.02	09:12:51.960	5236.0			
2020.04.02	09:12:53.138			5237.0	5.00000000
2020.04.02	09:12:54.747			5237.0	5.00000000
2020.04.02	09:12:55.760	5236.5			
2020.04.02	09:12:55.760		5237.5		
2020.04.02	09:12:55.913			5237.0	5.00000000
2020.04.02	09:12:56.141	5237.0			
2020.04.02	09:12:56.141	5236.5			
2020.04.02	09:12:56.141		5237.0		
2020.04.02	09:12:56.141	5236.0			
2020.04.02	09:12:56.143	5235.5			
2020.04.02	09:12:56.526	5235.0			
2020.04.02	09:12:56.526		5235.5		
2020.04.02	09:12:56.526		5237.0		
2020.04.02	09:12:56.528		5236.5		
2020.04.02	09:12:56.528	5235.5			
2020.04.02	09:12:56.529		5236.0		
2020.04.02	09:12:56.529		5236.5		
2020.04.02	09:12:56.585			5235.5	5.00000000
2020.04.02	09:12:56.585			5235.5	5.00000000
2020.04.02	09:12:56.585			5235.5	5.00000000
2020.04.02	09:12:56.587			5235.5	5.00000000
2020.04.02	09:12:56.899		5237.0		
2020.04.02	09:12:59.180		5236.5		
2020.04.02	09:12:59.939	5236.0			
2020.04.02	09:12:59.939		5237.0		
2020.04.02	09:13:00.319	5236.0	5236.5		
2020.04.02	09:13:01.678			5236.5	5.00000000
2020.04.02	09:13:01.841		5237.0		
2020.04.02	09:13:02.533			5236.0	20.00000000
2020.04.02	09:13:02.605	5235.5			
2020.04.02	09:13:02.605		5236.5		
2020.04.02	09:13:02.607		5236.0		
2020.04.02	09:13:02.986		5237.0		
2020.04.02	09:13:02.987		5236.5		
2020.04.02	09:13:03.073			5236.0	5.00000000
2020.04.02	09:13:03.073			5236.5	5.00000000
2020.04.02	09:13:03.073			5236.5	5.00000000
2020.04.02	09:13:03.073			5237.0	5.00000000
2020.04.02	09:13:04.501		5237.0		
2020.04.02	09:13:04.503	5236.0			
2020.04.02	09:13:05.328			5237.0	5.00000000
2020.04.02	09:13:07.777			5237.0	5.00000000
2020.04.02	09:13:11.544			5237.0	5.00000000
2020.04.02	09:13:11.724		5237.5		
2020.04.02	09:13:11.726		5238.0		
2020.04.02	09:13:11.728		5237.5		
2020.04.02	09:13:12.105		5238.0		
2020.04.02	09:13:13.246	5236.5			
2020.04.02	09:13:13.246	5237.0			
2020.04.02	09:13:15.526		5238.5		
2020.04.02	09:13:17.430	5236.5			
2020.04.02	09:13:17.430		5237.0		
2020.04.02	09:13:17.432	5236.0			
2020.04.02	09:13:17.435		5236.5		
2020.04.02	09:13:17.438	5235.5			
2020.04.02	09:13:17.530			5237.0	5.00000000
2020.04.02	09:13:17.530			5237.0	5.00000000
2020.04.02	09:13:17.534			5236.5	5.00000000
2020.04.02	09:13:17.534			5236.5	5.00000000
2020.04.02	09:13:17.541			5236.0	5.00000000
2020.04.02	09:13:17.548			5236.0	5.00000000
2020.04.02	09:13:17.555			5236.5	5.00000000
2020.04.02	09:13:17.555			5236.5	5.00000000
2020.04.02	09:13:17.555			5236.5	5.00000000
2020.04.02	09:13:17.555			5236.5	5.00000000
2020.04.02	09:13:17.555			5237.0	80.00000000
2020.04.02	09:13:17.810		5236.0		
2020.04.02	09:13:17.813		5236.5		
2020.04.02	09:13:17.815		5237.0		
2020.04.02	09:13:17.816	5236.0			
2020.04.02	09:13:20.466		5236.5		
2020.04.02	09:13:20.466	5235.5			
2020.04.02	09:13:27.687		5236.0		
2020.04.02	09:13:27.832			5235.5	5.00000000
2020.04.02	09:13:27.834			5235.5	5.00000000
2020.04.02	09:13:27.834			5235.5	5.00000000
2020.04.02	09:13:27.834			5235.5	5.00000000
2020.04.02	09:13:28.067	5235.0			
2020.04.02	09:13:28.446		5235.5		
2020.04.02	09:13:28.797			5235.0	10.00000000
2020.04.02	09:13:28.797			5235.0	10.00000000
2020.04.02	09:13:28.797			5235.0	5.00000000
2020.04.02	09:13:28.830	5234.5			
2020.04.02	09:13:28.983			5234.5	10.00000000
2020.04.02	09:13:28.985			5234.5	10.00000000
2020.04.02	09:13:29.210		5235.0		
2020.04.02	09:13:29.211	5234.0			
2020.04.02	09:13:33.766		5234.5		
2020.04.02	09:13:34.526		5235.0		
2020.04.02	09:13:40.420			5235.0	5.00000000
2020.04.02	09:13:40.420			5235.0	5.00000000
2020.04.02	09:13:40.608	5234.5			
2020.04.02	09:13:40.609	5234.0			
2020.04.02	09:13:41.546			5235.0	5.00000000
2020.04.02	09:13:41.546			5235.5	5.00000000
2020.04.02	09:13:41.748		5235.5		
2020.04.02	09:13:41.748	5234.5			
2020.04.02	09:13:44.154			5235.5	5.00000000
2020.04.02	09:13:44.154			5235.5	5.00000000
2020.04.02	09:13:44.408		5236.0		
2020.04.02	09:13:44.412		5235.5		
2020.04.02	09:13:44.786		5236.0		
2020.04.02	09:13:44.788		5235.5		
2020.04.02	09:13:46.687		5236.0		
2020.04.02	09:13:53.912	5235.0			
2020.04.02	09:13:53.912	5235.5			
2020.04.02	09:13:56.189	5235.0			
2020.04.02	09:13:56.217			5235.5	5.00000000
2020.04.02	09:13:56.574		5235.5		
2020.04.02	09:13:56.574	5234.5			
2020.04.02	09:13:56.585		5236.0		
2020.04.02	09:13:58.528			5236.0	500.00000000
2020.04.02	09:14:01.136	5234.5			
2020.04.02	09:14:04.554		5235.5		
2020.04.02	09:14:04.558		5236.0		
2020.04.02	09:14:06.450	5235.0			
2020.04.02	09:14:06.832	5235.5			
2020.04.02	09:14:09.046			5236.0	5.00000000
2020.04.02	09:14:09.117		5236.5		
2020.04.02	09:14:09.117		5237.0		
2020.04.02	09:14:09.119		5236.5		
2020.04.02	09:14:16.155			5236.5	5.00000000
2020.04.02	09:14:16.284			5236.5	5.00000000
2020.04.02	09:14:16.337	5236.0			
2020.04.02	09:14:16.337		5237.0		
2020.04.02	09:14:16.337	5236.5			
2020.04.02	09:14:21.948			5237.0	15.00000000
2020.04.02	09:14:21.951			5237.0	10.00000000
2020.04.02	09:14:21.952			5237.0	5.00000000
2020.04.02	09:14:21.952			5237.0	35.00000000
2020.04.02	09:14:21.953			5237.0	5.00000000
2020.04.02	09:14:21.953			5237.0	5.00000000
2020.04.02	09:14:21.954			5237.0	5.00000000
2020.04.02	09:14:21.954			5237.0	5.00000000
2020.04.02	09:14:21.956			5237.0	5.00000000
2020.04.02	09:14:21.956			5237.0	30.00000000
2020.04.02	09:14:21.957			5237.0	15.00000000
2020.04.02	09:14:21.959			5237.0	5.00000000
2020.04.02	09:14:21.960			5237.0	20.00000000
2020.04.02	09:14:22.045		5237.5		
2020.04.02	09:14:22.045		5238.0		
2020.04.02	09:14:22.045		5237.5		
2020.04.02	09:14:23.877			5236.5	5.00000000
2020.04.02	09:14:23.937	5236.0			
2020.04.02	09:14:26.977	5236.5			
2020.04.02	09:14:30.623			5236.5	5.00000000
2020.04.02	09:14:30.776	5236.0			
2020.04.02	09:14:30.778		5237.0		
2020.04.02	09:14:30.778		5236.5		
2020.04.02	09:14:34.956		5237.0		
2020.04.02	09:14:34.961		5236.5		
2020.04.02	09:14:35.327			5236.5	5.00000000
2020.04.02	09:14:35.337		5237.0		
2020.04.02	09:14:37.234	5236.5			
2020.04.02	09:14:37.234		5237.5		
2020.04.02	09:14:39.470			5237.5	5.00000000
2020.04.02	09:14:39.470			5237.5	5.00000000
2020.04.02	09:14:39.472			5237.5	5.00000000
2020.04.02	09:14:39.472			5237.5	5.00000000
2020.04.02	09:14:39.473			5237.5	5.00000000
2020.04.02	09:14:39.522		5238.0		
2020.04.02	09:14:39.522	5237.5			
2020.04.02	09:14:39.522	5236.5			
2020.04.02	09:14:39.522	5237.0			
2020.04.02	09:14:39.524		5237.5		
2020.04.02	09:14:39.526	5236.5			
2020.04.02	09:14:40.091			5237.5	5.00000000
2020.04.02	09:14:40.287	5237.0			
2020.04.02	09:14:40.290		5238.0		
2020.04.02	09:14:40.296	5237.5			
